1944 2544
301 39 1180 75 SUR LA CONVALESCENCE DU ROY.

265 125 1305 75 parle plus de guerre, d’ennemis: tous envisagent

264 193 1301 72 LOUIS; LOUIS est présent aux yeux de tous. On

265 264 1302 76 chercheroit inutilement dans cette conjoncture à distin¬

275 327 1283 71 guer le riche du pauvre, le noble du moindre citoyen

270 395 1296 69 le magistrat de l’homme du peuple, l’homme de let¬

262 466 1301 73 tres de l’ignorant: une morne tristesse qui régne sur

264 537 1301 66 tous les visages les confond, tous les yeux nagent dans

265 603 1293 69 les pleurs: plusieurs se tiennent aux portes de la Ville,

261 671 1304 73 jettant des regards impatiens sur la route par où doivent

261 740 1299 71 arriver les lettres, les courriers qui peuvent calmer leurs

261 805 1298 68 allarmes, & décider leur affreuse incertitude: on envi¬

257 873 1298 69 ronne en foule, on assiége la maison publique où ils se

264 949 1296 62 rendent; chacun tire à soi ceux qui arrivent; on leur

267 1020 1293 68 demande avec empressement ce qu’ils apportent; & sui¬

274 1089 1286 68 vant que leurs réponses sont plus ou moins tristes, les

272 1156 1286 72 premiers qui les entendent communiquent aux autres

277 1223 1282 73 leur douleur ou leur joie. La vitesse incroyable de ces

271 1294 1288 72 couriers, leur vol rapide ne suffit pas même à l’avide

270 1362 1290 75 curiosité des esprits inquiets: il faut pour la satisfaire

274 1435 1286 77 placer sur la route de Metz à Paris des exprès, qui l’in¬

271 1508 1291 73 struisent exactement de tous les instants par lesquels passe

284 1573 520 74 une santé si précieuse.

330 1647 1232 75 Mais le principal soin qui réunit la Ville entiere, qui

274 1718 1286 71 occupe de concert tous ses habitans, c’est celui d’ap¬

274 1783 1286 75 paiser la colére du Ciel par la ferveur infatigable de

271 1852 1289 78 leurs prieres; de fléchir l’Arbitre suprême de la vie &

275 1926 1283 68 de la mort, dont la volonté toute-puissante régle la des¬

274 1998 1281 69 tinée des Monarques comme celle du dernier des hu¬

275 2066 1281 73 mains. L’encens fume nuit & jour sur les Autels : les

282 2136 1270 74 Temples sont remplis d’une foule gémissante de citoyens

279 2203 1273 95 consternés. Tout s’y rassemble, les deux sexes, le peuple
