1944 2544
774 73 532 71 DISCOURS.

361 151 1286 85 pense des bienfaits dont il les comble, j’ose le dire,

361 231 1294 74 LOUIS ne peut regarder sa maladie comme un acci¬

364 299 1287 85 dent dont il ait lieu de se plaindre. Ce n’étoit pas ache¬

366 371 1279 79 ter à trop haut prix ces témoignages si sinceres, si tendres,

367 438 1282 77 sortis du fond des cœurs avec tant d’effusion, qui ont fait

369 508 1242 75 éclatter notre amour pour lui aux yeux de l’Univers.

415 576 1244 79 Quelle fut la douleur, grand Dieu: quelle fut la crainte

374 645 1280 84 qui frappa soudain tous les esprits, lorsque nous apprî¬

374 717 1282 75 mes l’effrayante nouvelle, qu’une maladie dangereuse

373 784 1281 79 arrêtoit le Roy au milieu de sa course, & que ce Prince,

376 855 1265 72 dont les feux de la guerre, bravés par son courage,

373 924 1282 73 avoient respecté la tête sacrée, étoit consumé par une

376 992 1283 66 fiévre ardente dont tout l’art des Médecins ne pouvoit

377 1060 1284 69 éteindre la violence. Toute la France en allarmes fré¬

380 1127 1281 71 mit aussi-tôt, comme une famille qui se voit à la veille

378 1198 1284 72 de perdre un pere. Cette Capitale surtout, qui se fait

384 1260 1278 74 gloire de mériter par l’exemple d’attachement, de fidé¬

385 1331 1277 71 lité, de zéle & d’amour pour son Roi, qu’elle offre aux

383 1392 1279 72 autres villes du Royaume, la supériorité que lui donnent

383 1457 1278 75 sur elles ses richesses, sa grandeur, la multitude de ses

384 1524 1278 74 habitans; cette ville si nombreuse, malgré la prodigieuse

387 1595 1272 72 variété d’esprits, d’ordres, de conditions qu’elle renfer¬

390 1663 1272 76 me, n’a plus qu’un seul sentiment, se fixe sur un seul objet:

390 1732 1271 77 une unique pensée s’empare de tous ses citoyens, un soin

388 1804 1276 75 unique les remplit: ils ne s’occupent que de ce qu’ils

391 1872 1273 74 doivent craindre pour le Roy, de ce qu’il leur est en¬

390 1941 1266 75 core permis d’espérer. Jusqu’alors la guerre, l’ennemi,

393 2008 1271 72 l’Italie, la Flandre, l’Allemagne, tournoient les esprits

397 2074 1269 78 vers différens points de vûe, & leur causoient des inquié¬

397 2144 1271 74 tudes quelquefois déplacées. Dans ce moment une seule

397 2211 1269 89 inquiétude suspend, interdit toutes les autres: on ne
