1944 2544
356 79 1158 65 SUR LA CONVALESCENCE DU ROY.

306 158 1278 78 par un malheur irréparable, & tombât entraîné par la

306 224 837 77 chûte du seul appui qui le soutient.

356 293 1233 74 Oui, MESSIEURS, ce trait redoutable qui a fait

308 363 1282 63 voler par-tout la plus vive terreur, ce trait dont le Ciel

305 432 1285 71 a paru nous frapper dans sa colere, est à mes yeux une

303 497 1287 69 marque éclatante de sa bonté. En effet, s’il est permis à

305 568 1284 69 de foibles mortels de sonder avec une soumission respec¬

306 643 1285 60 tueuse la profondeur impénétrable des secrets de l’Etre

308 708 1283 69 suprême, ne pouvons-nous pas croire avec fondement

311 768 1280 70 que son dessein a été de faire connoître à LOUIS

312 840 1279 73 quel est l’amour de ses peuples pour sa personne, tandis

312 904 1279 74 qu’aux périls de sa vie LOUIS leur prouvoit son affec¬

311 975 1280 70 tion; & de resserrer ainsi, par des gages réciproques d’une

313 1044 1278 62 tendresse si vive de part & d’autre, ces nœuds sacrés

312 1108 1281 74 tissus des mains de Dieu même, qui unissent le Souverain

315 1181 326 69 & les Sujets?

391 1245 1206 75 Qu’il me soit permis de m’arrêter sur une pensée si

312 1318 1274 69 flatteuse pour nos cœurs. Souffrez qu’interpréte fidéle

318 1385 1279 76 je vous rende compte à vous-mêmes de vos propres sen¬

315 1452 1281 71 timens; & que, dans un Discours de peu d’étendue, je

315 1517 1269 71 considére combien LOUIS est aimé des François.

319 1590 1278 67 combien il les aime. Resserré par des bornes étroites que

318 1660 1279 72 nos usages ne permettent pas de franchir, je ne puis esperer

320 1727 1277 67 de traiter ce double sujet d’une maniere convenable à sa

318 1794 1281 75 dignité; mais quel que soit ce Discours, la matiere même

319 1865 1278 69 & les sentimens dont vos cœurs sont pénétrés, l’assurent

319 1936 923 69 d’une attention favorable de votre part.

380 2070 1219 68 SI rien n’est plus satisfaisant pour un Roy plein de

320 2136 1274 75 modération & de bonté, que d’être aimé de ses Sujets;

319 2209 1280 79 si cet attachement des peuples est la plus douce récom¬
