1184 1832
200 341 824 52 Malheureusement, ainsi que l’atteste déjà une

163 392 862 53 note tracée au siècle dernier, ils sont tombés

167 450 860 50 « en de cruelles mains ». Le commencement du

164 502 862 53 premier volume (qui comprend encore 472 feuil¬

164 554 861 54 lets) et la fin du second (qui en comprend 524)

164 607 864 52 ont été arrachés; des vingt-cinq miniatures qui

165 665 863 50 l’ornaient à l’origine, on n’en trouve plus que

166 720 863 51 onze (sept dans le premier et quatre dans le

167 771 160 53 second).

202 825 828 49 Ils contiennent l’ouvrage arabe Helauy ou

168 881 864 51 Elhauy, espèce d’encyclopédie médicale où l’on

170 936 861 48 trouve cités tour à tour Galien, Hippocrate,

168 988 865 48 Isaac, etc. L’auteur est le célèbre Rhazès dont

170 1043 863 51 on peut reconnaître, au commencement du

170 1095 863 52 livre IV (t. I, fo 121), le nom complet : Abu

171 1148 714 53 Bekr Muhammed ben Zakarijja er Razi.

204 1236 828 49 1. Plus correctement Al-Häwi, ce qui signifie en arabe

174 1278 857 42 « l’assembleur » et qu’on a traduit en latin par Continens,

174 1317 860 46 le Contenant ou l’Encyclopédie. Je dois ce renseignement

173 1354 756 49 à l'obligeance de mon collègue, M. H. Derenbourg.

201 1397 832 45 2. Cette traduction latine de Rhazès a été exécutée au

173 1438 860 46 XIII' siècle par un juif d’Agrigente, Ferragius (Abul Far¬

172 1476 862 48 radsch ben Salem). Voir H. Haeser, Lehrbuch der Geschichte

171 1515 598 59 der Medicin (Iena, 1875, t. I, p. 568-569).
