1184 1832
193 283 859 47 vées aux pauvres étudiants originaires de tel

191 333 857 51 ou tel diocèse. Or le Collège de Cornouailles,

192 387 859 51 fondé en 1317 par Galeran Nicolaï dit de la

192 441 858 49 Grève, était le seul où fussent admis les jeunes

191 497 859 52 gens du diocèse de Quimper. On sait aussi que

192 551 853 50 vers 1379, Jean de Guistry, médecin de Charles V,

192 605 858 47 chanoine de Paris et de Cornouailles, ajouta

191 660 860 51 quatre bourses aux cinq qui existaient déjà, et

192 714 859 51 installa les élèves dans une maison qu’il acheta

191 768 868 51 pour eux rue des Plâtriers. Il est donc probable

193 822 855 47 que nos deux volumes sont un reste de la biblio¬

192 873 856 56 thèque du Collège de Cornouailles, qui a laissé

192 927 607 52 bien peu de traces dans l’histoire.

230 982 819 52 Un des meilleurs moyens pour les boursiers

190 1035 859 55 de montrer leur reconnaissance au collège qui

191 1089 857 53 les avait recueillis était d’enrichir la biblio¬

191 1144 854 54 thèque de manuscrits copiés par eux; les vo¬

191 1195 858 57 lumes de la bibliothèque de l’Université en

191 1251 588 53 offrent de nombreux exemples.

226 1306 823 55 On peut conjecturer, d’après la souscription

191 1358 857 56 mentionnée ci-dessus, que sous l’influence de

221 1461 823 56 1. Franklin, Anciennes bibliothèques de Paris, t. I, p. 411.
