1184 1832
188 274 823 50 La fin du premier volume nous apprend le

150 327 862 47 nom du copiste et de celui qui a commandé la

151 381 639 53 copie, ce qui est une rare fortune :

220 457 638 50 Anno domini millesimo trecentessimo

188 508 780 46 septuagessimo nono, ego Guillelmus Hervei de

191 557 787 51 dyocessi Corsopitensi istud volumen scripsi gra¬

190 605 782 47 tia Dei pro venerabili viro et discreto magistro

189 654 776 45 Guibberto. Cui volumini finem dedi die Martis

190 708 694 44 ante festum beati Clementis, qui Clemens

192 752 789 48 velit intercedere pro nobis ad dominum nostrum

191 803 287 46 Jesum Christum.

195 879 820 55 Le professeur de médecine pour qui fut exé¬

157 934 861 53 cutée cette copie est sans doute Guibert de Cel¬

158 988 861 56 soi, que le roi Charles V appelait « nostre amé

160 1042 314 53 et feal fisicien».

194 1094 825 54 On sait que les anciens Collèges de Paris

162 1151 855 53 avaient un certain nombre de bourses réser¬

192 1284 830 42 1. Le Clerc et Renan, Hist. Litt. de la France au XIVe S.,

165 1323 858 48 I, p. 516. — Guilbertus de Seloeto (leg. Selceto) est men¬

165 1364 858 47 tionné à côté de Gervasius Christiani dans un acte de

164 1402 851 60 l’Université du 22 mai 1379 (Du Boulay, Hist. Un. Par

168 1445 173 62 IV, p. 569).
