1768 2712
156 125 1441 78 mer le culte que l’on a rendu, ou si Deo exhibitus ab Authore ex¬

161 182 1433 80 que l’on doit rendre à la tres-heu¬ primitur; scandalose sunt, &

158 244 776 70 reuse Vierge, dont il se sert pour

954 244 645 64 in errorem inducentes. Qua¬

159 299 777 77 marquer celuy qui est dû à Dieu

954 301 645 66 tenus autem dicunt sanctissi¬

161 352 1436 75 même, sont Scandaleuses, & in- mam Virginem adoratam ab

162 409 1440 79 duisent à l’erreur. Et entant qu’el- Angelis statim ut ipsi creati

164 468 1438 77 les marquent que la tres-sainte sunt, & statim atque ipsa nata

176 530 770 68 Vierge a été adorée par les An¬

951 527 652 68 est, tum etiam adoratam in thro¬

170 587 766 74 ges, aussi-tôt aprés leur création,

954 580 648 67 no Altissimi, respectivè teme¬

165 635 1244 86 & aussi-tôt qu’elle est née, & qu’. raria sunt, & falsæ.

164 699 773 72 elle a été même adorée dans le

168 754 768 68 Trone du Tres-haut; elles sont

164 813 768 71 respectivement Temeraires & faus¬

168 882 89 70 fes.

655 982 458 71 ARTICLE IV.

218 1099 1385 77 L’Auteur parlant du Verbe de Dieu avant l’Incarnation, dit pag.

171 1160 1440 69 127. Ce fut la premiere fois que le Verbe interceda au nom de

171 1214 1025 72 l'Humanité devant le Trône de la Divinité.

387 1322 315 74 CENSURE.

1139 1333 298 74 CENSURA.

209 1443 1405 71 Cette proposition sonne mal dans Hæc propositio malè sonat in

173 1500 1441 77 la Foy, & est injurieuse à la Di-fide, & injuriosa est Divini¬

176 1557 405 61 vinité du Verbe.

964 1562 246 69 tati Verbi.

693 1661 435 88 ARTICLE V.

214 1792 631 67 Pag. 204. 229. 230. 231. 232.

197 1839 1424 78 Les propositions qui sont con- In hisce paginis continentur

179 1899 1442 76 tenuës dans ces pages offensent propositiones castarum aurium

174 1952 443 66 les oreilles chastes.

967 1957 219 83 offenfivæ.

670 2062 463 78 ARTICLE VI.

227 2183 1399 77 L’Auteur parlant de la sainte Vierge, dit, pag. 277. Elle descen¬

173 2244 1451 83 dit ornée & enrichie pour Dieu, qui luy donna tout ce qu’il
