1768 2712
177 126 1438 78 voulut, & luy voulut donner tout ce qu’il put, & luy put

177 185 1066 74 donner tout ce qui n’étoit pas l’estre de Dieu.

343 301 320 68 CENSURA.

1104 298 290 66 CENSURE.

230 409 1384 70 Cùm ea dona Deus beatis- Dieu ayant donné à la tres-heu¬

173 473 1439 66 fimæ Virgini contulerit, quæ reuse Vierge les dons qui luy con¬

174 528 1432 68 secundùm ordinem sapientiæ suæ venoient selon l’ordre de sa sagesse

170 586 1442 66 ipsi conferri decebat; & in divine, & étant manifeste dans

174 643 1432 72 Evangelio manifestum sit, Deum l’Evangile, que Dieu ne luy a pas

171 702 1443 66 non omnia ei contulisse quæ con¬ donné tous ceux qu’il pouvoit luy

168 757 1444 70 ferre potuit: Hac propositio fal- donner: Cette proposition est faus¬

168 813 1446 71 sa est, temeraria, & Evange- se, temeraire, & contraire à la

167 869 506 68 lica doctrina contraria.

845 872 534 75 Doctrine Evangelique.

678 979 491 72 ARTICLE VII.

230 1099 1387 77 Pag.278. Je declare une & plusieurs fois, & par la force de la

174 1161 1444 69 verité, & de la lumiere en laquelle je vois tous ces mysteres

171 1215 1446 73 ineffables; que tous les privileges, toutes les graces, toutes les

173 1276 1444 69 prérogatives, toutes les faveurs & tous les dons de la tres-pure

171 1327 1447 75 Marie, y comprenant la Dignité de Mere de Dieu, tous dépen¬

170 1389 1447 67 dent & tirent leur origine, selon qu’on me le découvre, d’a¬

171 1443 1441 74 voir été immaculée, pleine de grace en sa Conception tres-pure;

171 1502 1446 70 desorte que sans ce privilege, tous les autres paroitroient dé¬

168 1554 1449 80 fectueux, ou comme un superbe édifice sans un sondement so¬

168 1619 495 76 lide & proportionné.

336 1737 306 63 CENSURA.

1079 1731 295 67 CENSURE.

226 1839 609 75 Quamvis Facultas Theolo¬

883 1839 728 74 Quoyque le sentiment de la Fa¬

168 1902 1447 68 giæ Parisiensis tenuerit & te¬ culté ait été & soit encore, que

167 1955 1451 72 neat, sanctissimam Virginem la tres-sainte Vierge dans sa Con¬

168 2012 1452 71 fuisse in sua Conceptione à la¬ ception a été préservée de la ta¬

165 2070 1453 70 be originalis peccati præserva- che du peché originel; cependant

167 2130 1459 63 tam; tamen hæc doctrina, quæ cette doctrine, qui fait dépendre

168 2184 1449 71 dogmata de sanctissima Virgine des dogmes de la Foy Catholique

170 2241 1438 83 ad fidem pertinentia, ut Dei touchant la tres-sainte Vierge,
