1768 2712
167 129 1436 72 comme sa Dignité de Mere de Maternitatem, & perpetuam

875 84 39 53 17

173 186 1424 76 Dieu, & sa Virginité perpetuelle, Virginitatem, pendere asserit à

168 245 1437 69 d’un sentiment qui n’est pas de sententia que de Fide Catho¬

170 302 1426 71 Foy Catholique, & en dépendre lica non est, & ita pendere,

167 358 1436 74 de sorte, que sans cela ils n’au- ut alioqui fundamentum soli¬

168 415 1423 71 roient pas de fondement solide; dum non haberent: Falsa est,

167 474 1430 63 est Fausse, temeraire, & affoiblit temeraria, & fidem in Conci¬

167 528 1317 79 la Foy établie dans les Conciles. liis stabilitam infirmans.

627 637 512 83 ARTICLE VIII.

215 760 1381 70 Pag. 325. Cet amour reluisit davantage, dans la nuit que la

164 815 1433 70 Mort de son tres-saint Fils causa à toute l’Eglise, dans le gou¬

167 882 1430 64 vernement que cette grande Reine eut au commencement de la

167 935 429 82 Loy Evangelique.

394 1048 317 66 CENSURE.

1130 1048 297 63 CENSURA.

209 1158 1387 74 Cete proposition, qui donne à Hæc propositio, qua tribuit

165 1220 1431 69 la tres-sainte Vierge le gouverne¬ sanctissimæ Virgini regimen Ec¬

167 1273 1426 79 ment de l’Eglise, est Fausse, teme- clesiæ, Falsa est, temeraria &

165 1334 388 73 raire & erronée.

943 1340 188 65 crronea.

616 1437 478 77 ARTICLE IX.

223 1559 1365 74 Pag. 337. Puisque cette divine Reine, parlant d’elle-même,

159 1619 1435 65 dit, que par elle les Rois sont élevez & maintenus sur leur

159 1678 1434 63 trône; que les Princes commandent, & que les Puissans de la

162 1732 1428 80 Terre administrent la justice. Et à la marge est cité le huitiéme

155 1795 500 68 Chapitre des Proverbes.

391 1908 297 65 CENSURE.

1130 1904 297 71 CENSURA.

215 2015 1378 70 Comme il est clair que les pa- Cùm perspicuum sit verba ca¬

170 2079 1423 66 roles du Chapitre 8. des Prover- pitis octavi Proverbiorum de

170 2131 1423 68 bes se doivent seulement entendre sola sapientia increata, vel in¬

171 2190 1425 70 à la lettre de la Sagesse incréée carnata, juxtà SS. Patrum una¬

165 2247 1431 103 ou incarnée, suivant le consente- nimem consensum ad litteram
