1008 1781
309 63 417 62 DE LYPSE.

889 82 54 54 43

68 121 880 66 slent point. C’est ceste-là au sein de la¬

64 183 886 65 quelle il t’est permis de decharger ton

66 240 883 63 cœur en ses plaisirs & fascheries: c’est

65 300 884 63 ceste-là, à qui tu peux asseurement fier ta

62 360 886 65 maison, ton argent, & tes enfans. l’excepte

61 417 887 64 les secrets, si quelqu’vn a le maniement

61 475 887 69 de la Republique, bien que ie voye qu’en

61 532 886 67 la Republique il y ait eu d’honnestes fem¬

60 593 888 63 mes, Liuie pour me seruir d’vn exemple

57 650 881 64 assez commun, a souuent adouci Auguste,

58 708 885 58 & la instruict modestement & fort à

60 766 882 68 propos: & luy estoit gesné, & passoit les

54 828 890 62 nuicts sans repos, apres auoir descouuert

56 881 886 66 la coniuration de L. Cinna en son endroit,

56 944 885 60 Liuie le recognut, & s’en encercha amia¬

56 1002 885 62 blement, puis luy dit: Auriez-vous bien

54 1057 889 65 la patience d’escouter vne femme, laissez

53 1117 886 67 moy ces conseils de punition, penfez à par-

52 1175 887 64 donner, espreuuez si la douceur & la cle-

51 1240 886 60 mence vous pourroyent bien octroyer ce

52 1293 886 66 que iusques à present la vengeance & la

51 1352 889 65 seuerité vous ont refusé: Auguste obeyt, il

53 1408 882 66 pardonna, & de là en apres voila le fruict

52 1470 879 60 d’vn conseil de femme, il vesquit affran-

51 1527 882 64 chi d’embusches, & ie pourrois alleguer

52 1584 882 72 des grands Rois de nostre siecle, qui n’ont

812 1644 121 77 point
