1008 1781
290 55 427 64 DE LYPSE.

64 118 879 62 mille, & les affaires domestiques, elle t’in-

62 174 880 65 cite à pardonner, estant ainsi faicte de na-

62 234 880 67 ture: Xenophon a eu bonne grace en cela,

61 291 883 67 pour ce que, dit-il, Dieu auoit destiné ce sexe à

60 349 883 67 la garde & diligence, il la rendu plus craintif

60 411 884 64 que le viril: car la crainte apporte beaucoup pour

59 468 886 66 la diligence de la garde. Maintenant en quel-

62 528 883 65 que tienne maladie qui te sert & te garde

67 584 885 65 plus fidelement & soigneusement? en la

62 644 882 62 vieillesse ou imbecillité, qui t’entretient

61 700 882 67 plus doucement? Toutes lesquelles choses

58 761 883 60 ont lieu où l’amour & la concorde se re-

59 822 881 59 treuuet &elles se retreuuẽt tousiours pour¬

59 877 882 63 ueu qu’elles ne soyent point bannies par

61 935 884 62 quelque defaut des parties. Homere intro¬

59 990 883 68 duit ainsi Vlisse parlant à Nausicea, & l’ex¬

57 1050 414 66 hortant à se marier,

115 1138 827 72 Car il n’est rien meilleur, ny plus beau, ny plus

194 1192 83 74 sage,

83 1255 857 74 Que quand l’homme & la femme ensemble pas¬

109 1317 209 66 sent l’aage

59 1378 720 62 Auec vn bon accord, là la ioye aux amis

59 1435 769 64 Se treuue, & la douleur à tous les ennemis.

116 1515 822 69 Ce que ie t’approprie, tres-noble per-

57 1564 883 78 sonnage, & à ta femme, comme aussi à

863 1641 75 55 tes
