<?xml version="1.0" encoding="UTF-8"?>
<alto xmlns:xsi="http://www.w3.org/2001/XMLSchema-instance"
      xmlns="http://www.loc.gov/standards/alto/ns-v4#"
      xsi:schemaLocation="http://www.loc.gov/standards/alto/ns-v4# http://www.loc.gov/standards/alto/v4/alto-4-2.xsd">
  <Description>
    <MeasurementUnit>pixel</MeasurementUnit>
    <sourceImageInformation>
      <fileName>1cz0_1619_2.jpg</fileName>
      
    </sourceImageInformation>
  </Description>
  
  <Tags>
    <OtherTag ID="BT1" LABEL="Title" DESCRIPTION="block type Title"/><OtherTag ID="BT2" LABEL="Main" DESCRIPTION="block type Main"/><OtherTag ID="BT3" LABEL="Commentary" DESCRIPTION="block type Commentary"/><OtherTag ID="BT4" LABEL="Illustration" DESCRIPTION="block type Illustration"/><OtherTag ID="BT12954" LABEL="text" DESCRIPTION="block type text"/><OtherTag ID="BT12955" LABEL="text" DESCRIPTION="block type text"/>
    <OtherTag ID="LT5509" LABEL="default" DESCRIPTION="line type default"/><OtherTag ID="LT5510" LABEL="default" DESCRIPTION="line type default"/>
  </Tags>
  
  <Layout>
    <Page WIDTH="1008"
          HEIGHT="1781"
          PHYSICAL_IMG_NR="2"
          ID="eSc_dummypage_">
      <PrintSpace HPOS="0"
                  VPOS="0"
                  WIDTH="1008"
                  HEIGHT="1781">
        
        <TextBlock HPOS="55"
                   VPOS="55"
                   WIDTH="905"
                   HEIGHT="1056"
                   ID="eSc_textblock_a2142c27"
                   TAGREFS="BT12954">
          <Shape><Polygon POINTS="333 55 667 59 696 102 960 134 960 1059 857 1075 427 1071 284 1111 55 1103 55 71 113 63 154 91 260 98 333 55"/></Shape>
          
          
          <TextLine ID="eSc_line_acd07ee0"
                    TAGREFS="LT5509"
                    BASELINE="58 97 123 97" 
                    HPOS="58"
                    VPOS="64"
                    WIDTH="65"
                    HEIGHT="56">
            <Shape><Polygon POINTS="117 66 110 64 100 64 98 65 88 66 78 67 68 69 58 70 58 97 58 114 72 120 73 120 74 120 123 114 123 97 122 69 117 66"/></Shape>
	    <String CONTENT="44"
                    HPOS="58"
                    VPOS="64"
                    WIDTH="65"
                    HEIGHT="56"
                    WC="0.9993884563446045"></String>
          </TextLine>

          
          
          <TextLine ID="eSc_line_c14e4c8f"
                    TAGREFS="LT5509"
                    BASELINE="333 104 670 102" 
                    HPOS="332"
                    VPOS="55"
                    WIDTH="338"
                    HEIGHT="64">
            <Shape><Polygon POINTS="660 59 558 59 553 57 550 57 540 57 530 57 520 57 510 57 501 57 491 56 485 56 461 59 449 56 441 56 431 56 421 56 411 55 402 55 395 55 368 57 350 55 342 55 332 55 333 104 333 118 361 113 400 118 406 119 407 119 414 118 451 113 462 118 463 118 464 118 501 112 514 118 515 118 516 119 563 119 563 118 564 118 565 118 565 117 571 112 668 118 670 102 668 64 660 59"/></Shape>
	    <String CONTENT="EPISTRES"
                    HPOS="332"
                    VPOS="55"
                    WIDTH="338"
                    HEIGHT="64"
                    WC="0.9987916126847267"></String>
          </TextLine>

          
          
          <TextLine ID="eSc_line_77d46758"
                    TAGREFS="LT5509"
                    BASELINE="60 156 953 165" 
                    HPOS="60"
                    VPOS="110"
                    WIDTH="893"
                    HEIGHT="73">
            <Shape><Polygon POINTS="951 133 941 131 931 130 921 129 911 128 902 127 892 125 882 124 872 123 862 122 852 121 848 120 827 125 810 116 809 116 808 116 709 125 694 115 693 115 692 115 654 114 653 114 604 122 556 114 555 114 520 120 499 113 498 113 497 113 496 113 495 113 479 123 478 123 477 123 450 112 449 112 448 112 447 112 425 118 411 113 410 113 409 113 408 113 386 122 384 122 321 122 319 121 301 111 300 111 258 110 257 110 205 119 200 121 166 121 162 119 143 111 142 111 141 111 140 111 114 118 109 119 60 118 60 156 60 173 144 167 163 174 165 174 166 174 167 174 168 174 170 174 190 168 247 168 262 174 268 176 269 176 270 176 287 174 321 169 344 174 358 177 359 177 375 174 382 173 403 174 467 178 468 178 469 178 479 174 486 172 498 174 517 178 518 178 519 178 520 178 525 174 528 173 550 174 617 179 618 179 619 179 636 174 646 172 650 175 653 177 654 177 655 177 656 177 704 175 737 173 742 175 757 181 758 181 759 181 760 181 783 175 787 174 880 174 881 175 897 182 898 182 899 183 939 183 939 182 940 182 952 175 953 165 953 133 951 133"/></Shape>
	    <String CONTENT="point eu d’honte de faire part à ceste chere"
                    HPOS="60"
                    VPOS="110"
                    WIDTH="893"
                    HEIGHT="73"
                    WC="0.9926158229509989"></String>
          </TextLine>

          
          
          <TextLine ID="eSc_line_3fb3c6de"
                    TAGREFS="LT5509"
                    BASELINE="55 212 413 220 951 222" 
                    HPOS="54"
                    VPOS="174"
                    WIDTH="897"
                    HEIGHT="66">
            <Shape><Polygon POINTS="55 212 54 224 201 225 203 226 235 232 236 232 237 232 254 228 271 235 272 235 273 235 347 230 365 237 366 237 421 238 422 238 508 233 516 238 517 238 518 238 604 239 604 239 605 239 621 232 643 240 644 240 645 240 705 233 727 238 728 238 729 238 730 238 742 232 793 238 794 238 817 233 852 238 853 238 950 232 951 222 950 192 865 192 862 191 829 183 828 183 827 183 798 189 769 180 768 180 767 180 766 180 745 185 711 182 710 182 709 182 688 189 687 189 591 189 590 188 527 177 526 177 467 187 465 188 432 188 430 187 382 176 324 176 323 176 281 186 254 175 253 175 209 174 136 174 135 174 134 174 108 182 97 178 96 178 95 178 60 184 55 212"/></Shape>
	    <String CONTENT="moitié des affaires publiques, mais toutes¬"
                    HPOS="54"
                    VPOS="174"
                    WIDTH="897"
                    HEIGHT="66"
                    WC="0.9987934096293016"></String>
          </TextLine>

          
          
          <TextLine ID="eSc_line_f874935b"
                    TAGREFS="LT5509"
                    BASELINE="55 272 955 282" 
                    HPOS="54"
                    VPOS="229"
                    WIDTH="901"
                    HEIGHT="70">
            <Shape><Polygon POINTS="55 272 54 281 117 289 118 289 119 289 135 283 136 283 258 284 260 285 301 292 504 294 505 294 527 289 535 288 612 288 624 291 650 296 651 297 762 297 762 296 763 296 770 293 776 291 816 294 875 299 876 299 893 295 905 293 953 296 955 282 953 243 937 245 931 243 923 239 922 239 921 239 920 239 912 242 896 250 876 242 861 237 860 237 859 237 819 242 811 243 808 242 793 236 792 236 748 236 747 236 746 236 745 236 737 242 721 237 720 237 719 237 718 237 708 242 700 247 651 242 622 239 621 239 608 242 589 246 478 246 472 241 470 240 469 240 468 240 467 240 441 241 401 244 396 241 381 231 380 231 379 231 378 231 287 239 275 231 274 231 273 231 272 231 271 231 263 235 239 230 238 230 237 230 223 236 214 229 213 229 212 229 113 229 112 229 111 229 89 241 60 241 55 272"/></Shape>
	    <String CONTENT="fois il le faut faire raremẽt &amp; prudẽmẽt, &amp;"
                    HPOS="54"
                    VPOS="229"
                    WIDTH="901"
                    HEIGHT="70"
                    WC="0.9822894801264224"></String>
          </TextLine>

          
          
          <TextLine ID="eSc_line_82858e6e"
                    TAGREFS="LT5509"
                    BASELINE="55 331 955 341" 
                    HPOS="54"
                    VPOS="290"
                    WIDTH="901"
                    HEIGHT="68">
            <Shape><Polygon POINTS="55 331 54 341 132 349 133 349 134 349 135 349 143 344 156 350 157 350 362 352 363 352 364 352 365 352 374 346 375 346 487 346 500 348 527 354 528 354 621 350 683 348 795 353 824 354 825 354 830 354 853 350 859 354 864 358 865 358 866 358 867 358 954 355 955 341 955 311 932 301 931 301 930 301 891 310 890 310 865 303 864 303 863 303 824 309 774 304 773 304 714 308 712 308 678 296 677 296 676 296 625 301 595 295 594 295 540 305 512 304 499 294 498 294 497 294 449 294 448 294 447 294 424 305 413 300 412 300 411 300 360 303 344 293 343 293 342 293 341 293 340 293 320 304 299 304 285 294 284 294 283 294 282 294 281 294 252 302 232 296 231 296 230 296 229 296 216 302 194 292 193 292 144 290 143 290 97 302 59 302 55 331"/></Shape>
	    <String CONTENT="il est beaucoup meilleur de s’ẽtretenir auec"
                    HPOS="54"
                    VPOS="290"
                    WIDTH="901"
                    HEIGHT="68"
                    WC="0.9864256474706862"></String>
          </TextLine>

          
          
          <TextLine ID="eSc_line_dcad9a49"
                    TAGREFS="LT5509"
                    BASELINE="55 389 956 398" 
                    HPOS="54"
                    VPOS="348"
                    WIDTH="902"
                    HEIGHT="67">
            <Shape><Polygon POINTS="55 389 54 400 69 406 70 406 71 406 72 406 83 401 149 401 189 409 190 409 254 402 256 402 258 402 355 411 524 412 525 412 561 406 634 413 635 413 666 408 788 414 789 414 831 409 841 408 850 409 883 415 884 415 955 410 956 398 956 367 863 367 861 366 832 355 831 355 830 355 765 365 761 365 690 365 689 364 640 353 639 353 552 363 491 363 467 363 467 362 457 355 456 355 455 355 454 355 435 358 423 353 422 353 421 353 420 353 402 362 375 362 356 362 356 361 328 350 327 350 326 350 279 358 256 349 255 349 254 349 189 353 155 348 154 348 127 354 119 348 118 348 117 348 87 348 86 348 85 348 60 357 55 389"/></Shape>
	    <String CONTENT="elle de choses priuees: maintenant l’autre"
                    HPOS="54"
                    VPOS="348"
                    WIDTH="902"
                    HEIGHT="67"></String>
          </TextLine>

          
          
          <TextLine ID="eSc_line_ae2da312"
                    TAGREFS="LT5509"
                    BASELINE="58 449 953 458" 
                    HPOS="58"
                    VPOS="404"
                    WIDTH="895"
                    HEIGHT="72">
            <Shape><Polygon POINTS="58 449 58 468 127 459 160 464 161 464 218 460 236 468 237 468 238 468 344 462 362 469 364 470 365 470 366 470 372 469 410 462 445 470 455 472 456 472 457 472 458 472 464 470 485 463 536 470 556 473 557 473 587 470 645 466 685 471 706 474 781 475 782 475 783 475 791 472 805 466 846 466 860 472 868 476 869 476 870 476 871 476 878 472 884 469 951 472 953 458 952 424 905 424 903 423 854 411 853 411 762 422 755 422 751 422 724 415 723 415 690 421 688 421 687 421 655 409 654 409 653 409 598 420 595 420 590 420 456 407 455 407 454 407 423 418 423 419 357 419 354 418 317 406 316 406 315 406 314 406 281 415 251 407 250 407 249 407 248 407 230 416 230 417 199 417 198 416 158 404 157 404 96 404 95 404 94 404 58 414 58 449"/></Shape>
	    <String CONTENT="plaisir combien est-il grand &amp; puissant?"
                    HPOS="58"
                    VPOS="404"
                    WIDTH="895"
                    HEIGHT="72"
                    WC="0.9989282131195069"></String>
          </TextLine>

          
          
          <TextLine ID="eSc_line_6b426222"
                    TAGREFS="LT5509"
                    BASELINE="57 506 956 517" 
                    HPOS="56"
                    VPOS="466"
                    WIDTH="900"
                    HEIGHT="69">
            <Shape><Polygon POINTS="57 506 56 519 64 525 65 525 66 525 67 525 68 525 87 518 89 518 97 518 182 526 183 526 214 520 220 519 286 519 289 521 303 527 304 527 305 527 392 523 405 529 406 529 407 529 442 523 448 522 458 523 514 530 515 530 546 524 548 524 559 531 560 531 561 531 562 532 642 532 642 531 643 531 660 526 663 525 668 526 711 533 712 534 766 534 766 533 767 533 768 533 777 527 780 526 868 526 870 528 879 535 880 535 881 535 882 535 883 535 905 529 908 528 911 529 934 535 935 535 936 535 937 535 955 529 956 517 956 483 926 476 925 476 924 476 907 482 906 482 835 482 832 481 793 474 792 474 757 480 755 480 754 480 739 472 738 472 737 472 695 477 682 471 681 471 650 471 649 471 648 471 632 478 630 479 564 479 557 477 508 469 507 469 462 476 459 476 458 476 436 468 435 468 434 468 356 475 346 475 341 474 302 467 302 467 236 473 223 474 218 473 196 466 195 466 194 466 57 470 57 506"/></Shape>
	    <String CONTENT="voir ses enfans folastrants, begayants, &amp;"
                    HPOS="56"
                    VPOS="466"
                    WIDTH="900"
                    HEIGHT="69"
                    WC="0.9942759319049556"></String>
          </TextLine>

          
          
          <TextLine ID="eSc_line_42fd7ea8"
                    TAGREFS="LT5509"
                    BASELINE="55 565 955 574" 
                    HPOS="54"
                    VPOS="525"
                    WIDTH="901"
                    HEIGHT="65">
            <Shape><Polygon POINTS="55 565 54 574 86 581 87 581 138 576 139 576 140 576 166 585 167 585 168 585 232 577 237 577 240 577 256 582 257 582 258 582 259 582 260 582 265 578 277 586 278 586 279 586 280 586 332 579 334 579 428 579 440 580 487 588 488 588 549 582 566 581 691 581 697 584 709 590 710 590 711 590 954 588 955 574 954 544 929 544 928 543 911 533 910 533 909 533 908 533 812 542 809 542 797 542 712 540 699 532 698 532 697 532 696 532 676 539 651 530 650 530 649 530 579 540 577 540 559 540 543 540 533 533 532 533 531 533 530 533 529 533 516 537 500 529 499 529 498 529 360 538 356 538 354 538 312 529 311 529 310 529 298 536 288 529 287 529 286 529 285 529 258 531 251 526 250 526 249 526 248 526 166 532 155 525 154 525 153 525 152 525 60 535 55 565"/></Shape>
	    <String CONTENT="aussi tost apres causants tant soit peu, les"
                    HPOS="54"
                    VPOS="525"
                    WIDTH="901"
                    HEIGHT="65"
                    WC="0.9986968243663962"></String>
          </TextLine>

          
          
          <TextLine ID="eSc_line_fc9dcba6"
                    TAGREFS="LT5509"
                    BASELINE="55 623 952 633" 
                    HPOS="54"
                    VPOS="579"
                    WIDTH="898"
                    HEIGHT="74">
            <Shape><Polygon POINTS="55 623 54 632 89 643 90 643 91 643 125 635 172 641 173 641 235 637 248 636 252 637 266 642 267 642 268 642 303 638 317 637 326 639 358 646 359 646 385 640 391 639 398 640 425 648 426 648 504 649 505 649 586 645 679 640 835 648 836 648 837 648 862 642 950 653 952 633 951 600 895 588 894 588 893 588 859 598 794 598 773 586 772 586 771 586 770 586 760 591 687 586 686 586 685 586 665 597 648 597 594 597 589 596 488 583 487 583 486 583 465 595 452 595 428 595 427 594 388 582 387 582 386 582 345 586 270 581 269 581 268 581 258 586 235 580 234 580 233 580 172 591 145 579 144 579 143 579 142 579 110 591 60 591 55 623"/></Shape>
	    <String CONTENT="cacher dans le sein, les porter à la bouche,"
                    HPOS="54"
                    VPOS="579"
                    WIDTH="898"
                    HEIGHT="74"
                    WC="0.9937279860178629"></String>
          </TextLine>

          
          
          <TextLine ID="eSc_line_82e1b321"
                    TAGREFS="LT5509"
                    BASELINE="54 682 956 691" 
                    HPOS="53"
                    VPOS="639"
                    WIDTH="903"
                    HEIGHT="68">
            <Shape><Polygon POINTS="54 682 53 692 103 700 104 700 309 696 326 696 330 696 370 703 371 703 413 698 471 704 584 705 585 705 586 705 605 700 609 699 612 700 623 704 624 704 625 704 700 701 734 700 739 702 754 707 755 707 756 707 780 702 788 701 822 701 826 703 832 707 833 707 834 707 835 707 836 707 847 703 853 701 954 704 956 691 955 650 920 657 888 657 871 649 869 648 868 648 867 648 866 648 864 649 843 656 758 656 711 647 710 647 709 647 708 647 669 651 659 646 657 645 656 645 655 645 619 645 618 646 617 646 601 655 532 648 531 648 530 648 518 652 504 644 504 644 503 644 502 644 491 644 263 652 238 641 237 641 236 641 232 641 111 647 54 639 54 682"/></Shape>
	    <String CONTENT="les presser contre nostre poictrine, auoir en"
                    HPOS="53"
                    VPOS="639"
                    WIDTH="903"
                    HEIGHT="68"
                    WC="0.9959688888655769"></String>
          </TextLine>

          
          
          <TextLine ID="eSc_line_e04a6776"
                    TAGREFS="LT5509"
                    BASELINE="55 739 469 747 953 748" 
                    HPOS="55"
                    VPOS="700"
                    WIDTH="898"
                    HEIGHT="64">
            <Shape><Polygon POINTS="55 739 55 756 97 751 143 757 145 757 146 757 148 757 203 752 219 758 220 758 221 758 222 758 226 758 277 753 307 759 311 759 312 759 319 759 372 754 414 760 419 760 420 760 427 760 480 755 530 761 536 761 537 761 558 761 738 757 951 764 953 748 952 718 907 712 907 712 826 716 815 709 814 709 813 709 812 709 779 716 777 716 775 716 739 706 738 706 737 706 682 715 680 715 678 715 632 705 525 704 524 704 523 704 505 714 504 714 463 714 463 713 444 705 443 705 442 705 441 705 424 713 423 713 407 705 406 705 405 705 373 712 372 712 363 712 300 711 283 704 282 704 281 704 280 704 267 711 266 712 241 712 240 711 215 702 214 702 180 701 179 701 178 701 155 709 98 700 97 700 96 700 78 710 60 710 55 739"/></Shape>
	    <String CONTENT="allant &amp; retournant ceste ioyeuse rencon¬"
                    HPOS="55"
                    VPOS="700"
                    WIDTH="898"
                    HEIGHT="64"
                    WC="0.9867624088031489"></String>
          </TextLine>

          
          
          <TextLine ID="eSc_line_9a2dfdc3"
                    TAGREFS="LT5509"
                    BASELINE="54 799 955 807" 
                    HPOS="54"
                    VPOS="757"
                    WIDTH="901"
                    HEIGHT="67">
            <Shape><Polygon POINTS="54 799 54 815 390 813 422 817 445 820 446 820 487 817 525 815 530 818 535 821 536 821 537 821 538 821 539 821 548 818 556 815 598 818 653 822 654 822 765 819 827 817 841 819 872 824 873 824 954 819 955 807 955 772 888 767 887 767 857 770 842 772 831 770 792 762 791 762 664 768 623 770 619 768 608 760 607 760 606 760 605 760 570 767 559 770 507 770 500 766 478 759 477 759 399 759 398 759 397 759 379 765 373 767 347 765 287 759 286 759 285 759 265 764 260 765 257 764 244 757 243 757 242 757 199 763 197 763 196 763 183 758 182 758 181 758 180 758 179 758 172 763 166 766 135 762 97 758 96 758 54 761 54 799"/></Shape>
	    <String CONTENT="tre, mesme en choses tristes, qu’est ce que"
                    HPOS="54"
                    VPOS="757"
                    WIDTH="901"
                    HEIGHT="67"
                    WC="0.9852139326029046"></String>
          </TextLine>

          
          
          <TextLine ID="eSc_line_db3b06f5"
                    TAGREFS="LT5509"
                    BASELINE="53 856 954 866" 
                    HPOS="52"
                    VPOS="816"
                    WIDTH="902"
                    HEIGHT="63">
            <Shape><Polygon POINTS="53 856 52 868 952 879 954 866 951 828 932 835 919 830 918 830 917 830 865 835 798 828 755 823 754 823 725 827 691 833 663 827 636 822 577 821 576 821 540 827 517 831 496 827 464 821 463 821 431 827 414 830 392 827 333 819 332 819 331 819 318 826 282 822 281 822 280 822 265 827 260 828 168 828 167 827 143 816 142 816 141 816 58 826 53 856"/></Shape>
	    <String CONTENT="la femme mesme? &amp; combien cest amour"
                    HPOS="52"
                    VPOS="816"
                    WIDTH="902"
                    HEIGHT="63"
                    WC="0.9987192567851808"></String>
          </TextLine>

          
          
          <TextLine ID="eSc_line_5e0834cf"
                    TAGREFS="LT5509"
                    BASELINE="55 913 957 925" 
                    HPOS="54"
                    VPOS="873"
                    WIDTH="903"
                    HEIGHT="69">
            <Shape><Polygon POINTS="55 913 54 924 116 927 127 934 128 934 129 934 130 934 166 930 241 935 242 935 243 935 269 928 270 928 292 936 293 936 294 936 374 929 384 929 393 930 453 937 454 937 513 933 528 938 529 938 530 938 586 934 603 937 604 937 604 937 605 937 616 933 619 932 625 933 657 940 658 941 687 941 687 940 688 940 689 940 699 934 702 933 800 933 806 936 826 942 827 942 828 942 829 942 851 937 859 935 878 937 923 942 924 942 956 937 957 925 956 884 891 891 867 883 862 882 861 882 860 882 848 883 798 891 750 883 728 880 727 880 702 883 672 887 665 883 657 879 656 879 655 879 654 879 653 879 646 883 635 890 607 890 599 883 596 881 595 881 594 881 593 881 592 881 584 883 564 889 507 889 482 888 475 883 466 877 465 877 464 877 463 877 426 883 417 884 406 883 346 875 345 875 344 875 322 883 316 885 310 883 294 876 293 876 292 876 262 883 256 884 253 883 236 874 235 874 205 873 204 873 144 883 140 883 136 883 111 878 110 878 60 882 55 913"/></Shape>
	    <String CONTENT="honneste s’embrase, principalement en"
                    HPOS="54"
                    VPOS="873"
                    WIDTH="903"
                    HEIGHT="69"
                    WC="0.9966527497446215"></String>
          </TextLine>

          
          
          <TextLine ID="eSc_line_92fa2558"
                    TAGREFS="LT5509"
                    BASELINE="56 973 953 982" 
                    HPOS="56"
                    VPOS="930"
                    WIDTH="897"
                    HEIGHT="73">
            <Shape><Polygon POINTS="56 973 56 994 126 987 173 994 185 996 186 996 187 996 193 994 225 986 384 987 424 994 454 999 455 1000 522 1000 522 999 523 999 534 994 548 989 573 994 582 996 583 996 599 994 629 991 637 994 652 1001 653 1001 654 1002 682 1002 682 1001 683 1001 703 994 713 991 818 991 827 994 853 1003 854 1003 855 1003 899 994 907 993 912 994 929 999 930 999 931 999 952 994 953 982 952 937 915 937 914 937 913 937 889 947 871 941 870 941 869 941 868 941 854 948 812 937 811 937 810 937 708 936 707 936 706 936 705 937 675 946 617 946 581 936 575 935 574 935 573 935 572 935 568 936 544 945 456 945 418 938 417 938 374 941 362 936 355 932 354 932 280 932 279 932 260 935 239 938 230 935 229 935 228 935 227 935 226 935 225 935 209 941 177 940 165 935 153 930 152 930 151 930 150 930 139 935 124 940 56 935 56 973"/></Shape>
	    <String CONTENT="quelques absents, quels aiguillons pour"
                    HPOS="56"
                    VPOS="930"
                    WIDTH="897"
                    HEIGHT="73"
                    WC="0.9878309521919642"></String>
          </TextLine>

          
          
          <TextLine ID="eSc_line_2f5cfafa"
                    TAGREFS="LT5509"
                    BASELINE="56 1032 954 1041" 
                    HPOS="55"
                    VPOS="993"
                    WIDTH="899"
                    HEIGHT="67">
            <Shape><Polygon POINTS="56 1032 55 1042 105 1043 105 1044 124 1052 125 1052 126 1052 229 1046 252 1045 261 1047 294 1054 295 1055 331 1055 331 1054 332 1054 348 1048 356 1046 403 1046 411 1050 424 1054 425 1054 426 1054 427 1054 436 1050 441 1048 449 1050 467 1056 468 1056 469 1056 518 1052 531 1051 539 1052 564 1057 565 1057 566 1057 576 1053 585 1049 634 1049 655 1055 665 1057 666 1057 667 1057 685 1055 726 1050 746 1056 754 1059 755 1059 756 1059 797 1057 906 1052 952 1060 954 1041 954 1010 910 1000 867 1000 866 1000 865 1000 848 1009 846 1009 789 1009 788 1008 778 1001 777 1001 776 1001 775 1001 690 1007 683 1007 682 1007 669 1001 668 1001 667 1001 666 1001 657 1006 644 999 643 999 642 999 641 999 621 1006 592 1000 591 1000 565 1006 562 1006 487 1006 485 1005 456 995 455 995 374 995 373 995 372 995 349 1002 275 994 274 994 228 1002 207 993 206 993 205 993 171 995 170 995 158 1002 156 1002 56 1001 56 1032"/></Shape>
	    <String CONTENT="retourner? quelle ioye au retour? quelles"
                    HPOS="55"
                    VPOS="993"
                    WIDTH="899"
                    HEIGHT="67"
                    WC="0.993231268917642"></String>
          </TextLine>

          
          
          <TextLine ID="eSc_line_02c508a0"
                    TAGREFS="LT5509"
                    BASELINE="57 1091 286 1093" 
                    HPOS="56"
                    VPOS="1047"
                    WIDTH="230"
                    HEIGHT="63">
            <Shape><Polygon POINTS="57 1091 56 1101 95 1109 96 1109 211 1104 217 1109 218 1109 219 1109 266 1110 267 1110 268 1110 285 1103 286 1093 284 1056 243 1057 239 1056 228 1048 227 1048 226 1048 208 1048 207 1048 206 1048 193 1055 172 1047 171 1047 126 1047 125 1047 124 1047 123 1047 123 1048 114 1056 113 1056 57 1056 57 1091"/></Shape>
	    <String CONTENT="accolades?"
                    HPOS="56"
                    VPOS="1047"
                    WIDTH="230"
                    HEIGHT="63"
                    WC="0.9979579389095307"></String>
          </TextLine>

          
        </TextBlock>
        
        <TextBlock HPOS="47"
                   VPOS="1163"
                   WIDTH="925"
                   HEIGHT="537"
                   ID="eSc_textblock_81f33b6e"
                   TAGREFS="BT12954">
          <Shape><Polygon POINTS="155 1163 964 1175 968 1241 948 1281 964 1286 968 1352 940 1384 861 1397 964 1412 972 1586 960 1700 814 1700 798 1657 766 1653 63 1645 51 1633 47 1515 67 1432 126 1397 229 1392 122 1380 105 1356 55 1348 55 1290 110 1261 99 1175 155 1163"/></Shape>
          
          
          <TextLine ID="eSc_line_10d0fa52"
                    TAGREFS="LT5509"
                    BASELINE="112 1208 958 1217" 
                    HPOS="111"
                    VPOS="1165"
                    WIDTH="847"
                    HEIGHT="74">
            <Shape><Polygon POINTS="954 1174 944 1174 934 1174 924 1174 920 1174 903 1182 880 1177 879 1177 834 1181 815 1173 813 1172 812 1172 811 1172 798 1173 703 1180 687 1173 686 1173 685 1173 681 1173 640 1176 633 1173 626 1170 625 1170 587 1170 586 1170 585 1170 578 1173 566 1179 490 1179 446 1173 394 1167 371 1167 370 1167 369 1167 356 1173 350 1176 228 1176 224 1173 207 1166 206 1166 205 1166 175 1172 166 1165 165 1165 164 1165 163 1165 112 1173 112 1208 111 1219 122 1226 123 1226 124 1226 125 1226 126 1226 152 1219 256 1226 257 1226 300 1221 394 1234 395 1234 396 1234 437 1223 441 1222 446 1223 488 1235 489 1235 490 1235 552 1233 553 1233 567 1225 570 1224 579 1225 620 1233 621 1233 622 1233 644 1227 654 1224 712 1224 718 1228 731 1237 732 1237 733 1237 734 1238 758 1238 758 1237 759 1237 760 1237 771 1230 865 1239 866 1239 909 1231 936 1227 955 1232 958 1217 957 1174 954 1174"/></Shape>
	    <String CONTENT="Tout amour est bien grand, mais plus grand"
                    HPOS="111"
                    VPOS="1165"
                    WIDTH="847"
                    HEIGHT="74"
                    WC="0.9880087985878899"></String>
          </TextLine>

          
          
          <TextLine ID="eSc_line_e997c365"
                    TAGREFS="LT5509"
                    BASELINE="170 1267 362 1267" 
                    HPOS="170"
                    VPOS="1227"
                    WIDTH="192"
                    HEIGHT="56">
            <Shape><Polygon POINTS="170 1267 170 1283 362 1281 362 1267 362 1237 302 1237 297 1234 277 1227 276 1227 275 1227 248 1233 244 1234 242 1233 237 1228 237 1227 236 1227 235 1227 234 1227 170 1230 170 1267"/></Shape>
	    <String CONTENT="au mari:"
                    HPOS="170"
                    VPOS="1227"
                    WIDTH="192"
                    HEIGHT="56"
                    WC="0.998803086578846"></String>
          </TextLine>

          
          
          <TextLine ID="eSc_line_ec07d63d"
                    TAGREFS="LT5509"
                    BASELINE="57 1329 419 1326 954 1334" 
                    HPOS="56"
                    VPOS="1279"
                    WIDTH="898"
                    HEIGHT="77">
            <Shape><Polygon POINTS="57 1287 57 1329 56 1338 97 1341 115 1350 116 1350 117 1350 118 1350 151 1340 155 1339 185 1339 187 1340 207 1352 208 1352 209 1353 250 1353 250 1352 251 1352 285 1341 291 1340 314 1342 368 1346 369 1346 370 1346 382 1342 384 1342 386 1343 405 1353 406 1353 432 1354 433 1355 484 1355 484 1354 485 1354 504 1344 506 1344 562 1355 563 1355 592 1353 593 1353 608 1345 613 1343 630 1343 636 1346 654 1355 655 1355 656 1355 693 1346 696 1346 699 1346 748 1356 749 1356 775 1355 776 1355 777 1355 788 1347 792 1345 801 1348 827 1356 828 1356 829 1356 830 1356 847 1348 848 1348 952 1349 954 1334 954 1296 937 1291 936 1291 935 1291 934 1291 920 1296 916 1298 841 1298 835 1295 813 1283 812 1283 754 1283 753 1283 752 1283 742 1288 691 1282 690 1282 689 1282 688 1282 673 1292 667 1296 649 1296 640 1291 618 1282 617 1282 616 1282 615 1282 614 1282 601 1291 592 1296 564 1296 548 1290 521 1281 520 1281 519 1281 484 1285 430 1280 429 1280 428 1280 409 1287 404 1289 387 1287 327 1280 326 1280 325 1280 324 1280 316 1286 304 1293 285 1293 274 1285 265 1279 264 1279 263 1279 262 1279 261 1279 241 1285 214 1292 122 1292 66 1283 57 1287"/></Shape>
	    <String CONTENT="Venus ce flambeau souffle, afin qu’il soit nourri."
                    HPOS="56"
                    VPOS="1279"
                    WIDTH="898"
                    HEIGHT="77"
                    WC="0.9878367364406586"></String>
          </TextLine>

          
          
          <TextLine ID="eSc_line_cec022ab"
                    TAGREFS="LT5509"
                    BASELINE="113 1446 957 1450" 
                    HPOS="112"
                    VPOS="1402"
                    WIDTH="845"
                    HEIGHT="65">
            <Shape><Polygon POINTS="113 1446 112 1454 136 1463 137 1463 138 1463 166 1457 183 1464 184 1464 185 1464 186 1464 204 1459 224 1464 225 1464 226 1465 362 1465 362 1464 363 1464 364 1464 372 1459 400 1463 401 1463 402 1463 418 1457 534 1457 601 1466 602 1466 717 1458 745 1467 746 1467 747 1467 816 1460 837 1467 838 1467 839 1467 885 1461 906 1467 907 1467 907 1467 956 1458 957 1450 956 1417 922 1417 922 1416 897 1405 896 1405 835 1405 834 1405 833 1405 804 1415 799 1416 731 1416 728 1414 706 1404 705 1404 705 1404 685 1405 684 1405 683 1405 670 1413 665 1416 535 1416 514 1411 474 1403 473 1403 421 1410 416 1410 410 1409 370 1403 369 1403 368 1403 356 1409 352 1411 296 1413 271 1412 263 1407 250 1402 249 1402 248 1402 210 1407 196 1409 183 1406 159 1402 158 1402 113 1406 113 1446"/></Shape>
	    <String CONTENT="IE n’ay encor rien raconté que de io-"
                    HPOS="112"
                    VPOS="1402"
                    WIDTH="845"
                    HEIGHT="65"></String>
          </TextLine>

          
          
          <TextLine ID="eSc_line_19364af8"
                    TAGREFS="LT5509"
                    BASELINE="59 1506 510 1505 954 1511" 
                    HPOS="59"
                    VPOS="1463"
                    WIDTH="895"
                    HEIGHT="64">
            <Shape><Polygon POINTS="59 1506 59 1523 196 1514 213 1521 214 1521 215 1521 460 1516 478 1522 487 1525 488 1525 489 1525 517 1522 561 1517 577 1522 590 1526 591 1526 592 1526 620 1522 650 1517 726 1517 734 1521 740 1525 741 1525 742 1525 743 1525 744 1525 751 1521 752 1521 753 1521 766 1526 767 1526 768 1526 769 1526 787 1521 800 1518 822 1521 866 1527 867 1527 953 1520 954 1511 951 1468 937 1475 915 1468 909 1466 908 1466 907 1466 898 1468 868 1475 847 1468 842 1466 841 1466 840 1466 822 1468 789 1471 780 1468 774 1465 773 1465 750 1465 749 1465 748 1465 743 1467 732 1473 706 1467 695 1465 694 1465 693 1465 688 1467 673 1474 587 1473 577 1467 573 1464 572 1464 571 1464 570 1464 525 1467 489 1469 462 1467 433 1464 432 1464 431 1464 430 1464 426 1467 417 1472 405 1466 402 1465 401 1465 400 1465 399 1465 395 1466 382 1473 302 1473 280 1466 275 1465 274 1465 273 1465 272 1465 268 1466 246 1472 158 1471 150 1466 146 1463 145 1463 144 1463 143 1463 142 1463 133 1466 115 1471 59 1466 59 1506"/></Shape>
	    <String CONTENT="yeux : ie veux aussi quelque chose d’vtile:"
                    HPOS="59"
                    VPOS="1463"
                    WIDTH="895"
                    HEIGHT="64"
                    WC="0.9973150422406751"></String>
          </TextLine>

          
          
          <TextLine ID="eSc_line_ccb43c3b"
                    TAGREFS="LT5509"
                    BASELINE="55 1566 523 1564 958 1570" 
                    HPOS="54"
                    VPOS="1522"
                    WIDTH="904"
                    HEIGHT="65">
            <Shape><Polygon POINTS="55 1566 54 1574 94 1583 95 1583 96 1583 113 1575 128 1581 129 1581 185 1582 186 1582 223 1575 225 1575 229 1575 282 1580 283 1580 392 1576 400 1581 401 1581 402 1581 403 1581 482 1580 501 1585 502 1585 503 1585 563 1577 672 1585 673 1585 713 1577 761 1586 762 1586 763 1586 788 1579 805 1585 806 1585 806 1585 807 1585 822 1580 839 1586 840 1586 841 1587 907 1587 907 1586 907 1586 908 1586 915 1581 935 1585 936 1585 937 1585 957 1577 958 1570 957 1535 920 1527 919 1527 918 1527 917 1527 907 1534 907 1535 812 1535 806 1532 782 1525 781 1525 713 1525 712 1525 711 1525 697 1531 690 1534 564 1534 555 1529 551 1527 550 1527 549 1527 548 1527 544 1529 538 1532 507 1528 467 1523 466 1523 431 1527 390 1532 328 1526 302 1523 301 1523 268 1525 165 1531 117 1523 111 1522 110 1522 109 1522 107 1522 82 1529 55 1522 55 1566"/></Shape>
	    <String CONTENT="tu-as vne femme qui partage tes soucis, &amp;"
                    HPOS="54"
                    VPOS="1522"
                    WIDTH="904"
                    HEIGHT="65"
                    WC="0.9929278347550369"></String>
          </TextLine>

          
          
          <TextLine ID="eSc_line_24ec7453"
                    TAGREFS="LT5509"
                    BASELINE="57 1623 954 1627" 
                    HPOS="57"
                    VPOS="1579"
                    WIDTH="897"
                    HEIGHT="67">
            <Shape><Polygon POINTS="57 1623 57 1642 143 1635 177 1643 179 1643 180 1643 181 1643 182 1643 208 1635 233 1643 234 1643 308 1644 309 1644 310 1644 312 1644 336 1636 351 1642 352 1642 353 1642 384 1637 399 1644 400 1644 401 1644 402 1645 437 1645 437 1644 438 1644 461 1636 492 1636 505 1644 505 1645 506 1645 507 1645 508 1646 575 1646 575 1645 579 1645 618 1637 728 1637 793 1638 806 1646 806 1646 807 1646 808 1646 811 1646 843 1639 888 1646 890 1646 891 1646 892 1646 916 1638 952 1646 954 1627 953 1593 932 1593 931 1592 911 1581 910 1581 909 1581 908 1581 877 1589 860 1581 859 1581 753 1581 752 1581 751 1581 723 1590 719 1592 637 1592 633 1589 619 1580 618 1580 617 1580 616 1580 570 1588 554 1591 540 1588 504 1579 503 1579 457 1584 421 1579 420 1579 419 1579 401 1586 377 1581 376 1581 375 1581 358 1586 344 1590 312 1585 306 1585 305 1585 304 1585 303 1585 295 1590 265 1585 263 1585 262 1585 257 1585 176 1589 160 1584 155 1582 154 1582 153 1582 136 1583 85 1589 57 1583 57 1623"/></Shape>
	    <String CONTENT="en tire vne partie à soy: elle conduit la fa¬"
                    HPOS="57"
                    VPOS="1579"
                    WIDTH="897"
                    HEIGHT="67"
                    WC="0.9786250876343768"></String>
          </TextLine>

          
          
          <TextLine ID="eSc_line_c2497fcb"
                    TAGREFS="LT5509"
                    BASELINE="816 1685 956 1687" 
                    HPOS="815"
                    VPOS="1637"
                    WIDTH="141"
                    HEIGHT="69">
            <Shape><Polygon POINTS="816 1685 815 1698 954 1706 956 1687 956 1643 896 1637 895 1637 894 1637 874 1645 863 1650 816 1648 816 1685"/></Shape>
	    <String CONTENT="mille,"
                    HPOS="815"
                    VPOS="1637"
                    WIDTH="141"
                    HEIGHT="69"
                    WC="0.990039070447286"></String>
          </TextLine>

          
        </TextBlock>
        

        
      </PrintSpace>
    </Page>
  </Layout>
</alto>
