1184 1544
109 127 1024 49 s’exploite de nos jours l’institution continuant ce collége, et saint

109 174 1023 49 Ignace de Loyola y a été élevé. En 1556, Robert du Guast a re¬

109 223 1023 48 nouvelé cet établissement. La période janséniste de Sainte-Barbe

108 271 1025 48 a duré ensuite de 1640 à 1730. Fermée au mois d’avril 1793, la

108 320 1023 45 maison s’est rouverte en 1798, sous la conduite de Victor de Lan¬

109 368 1025 51 neau. Nous n’avons qu’à louer M. Lefeuve d’avoir su découvrir et

111 419 1022 51 rassembler les noms de tous les proviseurs, procureurs-gérants

111 470 1024 46 et chapelains qui se sont succédé en quatre siècles. La mesure et

108 521 1025 47 le style de son ouvrage spirituel ne méritent pas moins d’éloges.

114 567 1021 50 Toutefois, il est à regretter que, depuis la Révolution, Sainte-Barbe

112 616 1023 47 se soit bifurquée, et que l’auteur du livre, élevé dans l’une des

109 664 1025 45 deux Sainte-Barbe, ait eu l’autre pour tenir son livre sur les fonts.

112 715 1025 46 Ces sortes de publications, par malheur, se font de commande, ou

111 760 1026 51 peu s’en faut, et les anciens élèves de Sainte-Barbe-Rollin ont

111 810 1022 56 pris les devants, en qualité de Mécènes, sur ceux de Sainte-Barbe¬

113 866 171 39 Labrouste.

148 911 988 48 M. Lefeuve, quoique transfuge, a souvent le bon goût de

111 961 1025 45 rendre hommage à la maison célèbre à laquelle, comme élève, il

111 1013 1024 44 a appartenu. L’association barbiste, dirigée par M. Bixio, le compte

112 1060 1025 43 à cette époque parmi ses membres. Enfin, nouveau colosse de

111 1104 1025 49 Rhodes, M. Lefeuve se trouve avoir un pied dans chacune des

112 1157 1019 48 Sainte-Barbe modernes. Ses recherches sur l’ancien collége pré¬

112 1204 1019 50 ludent convenablement à des recherches curieuses sur tout Paris,

114 1255 900 46 qui valent ensuite à l’auteur une réputation impérissable.

147 1303 988 48 Nous ne sommes que plus libre, ayant rendu justice à l’écri¬

116 1353 1018 54 vain, de signaler quelques omissions découvertes par nous dans
