1184 1544
63 123 1021 48 son Histoire de l’ancienne Sainte-Barbe et du Collège Rollin. C’est

63 167 1020 54 beaucoup d’avoir retrouvé les anciens élèves distingués des siècles

64 219 1018 52 qui précèdent le nôtre; mais c’est une faute, assurément, que

63 267 1021 51 d’avoir oublié, parmi ceux des contemporains qui méritaient une

65 314 1016 52 mention particulière, comme ayant fait leursétudes rue des Postes:

66 362 1015 53 MM. Henri Martin, peintre; Perregaux frères, de Gouvello, de Ve¬

66 413 1017 53 nancourt, Varcollier, Adam, Macdonald, Coutin, le duc de Vicence,

68 462 1019 54 Rouquayrol frères, Lafont, acteur du Gymnase; Lafont, ancien

67 512 1020 52 chanteur de l’Opéra; Laroncière, dont le nom rappelle un

71 560 1014 58 procès fameux, et, enfin, et surtout, Brizeux, charmant poète,

70 615 274 46 auteur de Marie.

103 655 984 54 Que M. Lefeuve n’ait pas eu à écrire l’histoire moderne de l’é¬

71 706 1016 50 tablissement de la rue de Reims, nous en tombons d’accord. Mais,

70 753 1021 53 en parlant de Baduel, le dernier principal du collége de l’ancien

72 802 951 54 régime, n’eût-il pas dû nous dire quelle fut sa fin tragique ?

106 850 983 54 Antoine Baduel, depuis qu’il n’était plus supérieur de la ci¬

73 902 1020 46 devant maison et communauté de Sainte-Barbe, avait passé une

72 950 1023 56 année à Saint-Flour, son pays natal; il était revenu à Paris avant

75 995 1018 55 la journée du 10 août, et il s’était logé à l’ancien collége de Bon¬

73 1047 1022 49 court, sur la montagne Sainte-Geneviève. Tout ecclésiastique

72 1097 1023 48 n’ayant pas prêté serment était tenu de sortir du territoire de

76 1144 1019 51 la République, sous peine de déportation; à ce titre, Baduel était

77 1196 1022 48 sous le coup des rigueurs révolutionnaires. Il voulut gagner la

78 1239 1018 57 frontière, puis se rendre à Rome; mais le départ, la fuite n’était

80 1289 1013 57 pas sans périls. Bardol, ci-devant commandant de la garde na¬

79 1335 1015 70 tionale de Saint-Flour, marchand de grains, et cousin par al¬
