1184 1544
113 138 1018 48 liance de l’ex-principal tonsuré, l’attira près de lui, au boule¬

116 185 1019 49 vard du Temple, afin de le soustraire aux dénonciations de ses

115 234 1022 51 voisins du pays latin, et afin de faciliter son éloignement. Ayant

114 281 1024 52 fait entendre à Baduel qu’il avait retenu une place à la diligence

114 333 1022 52 de Rouen, mais que le fugitif ferait sagement d’attendre hors

114 384 1020 49 barrière le passage de la voiture, pour éviter toute surprise,

115 433 1021 47 toute reconnaissance, tout soupçon, Bardol l’accompagnait à pied,

115 479 1019 50 dans la nuit du 13 au 14 septembre 1792, à travers les Champs¬

115 528 1023 50 Elysées. Le lendemain, au bord d’un fossé, dans la contre-allée

116 578 1024 50 du Cours, vis-à-vis le bac des Invalides, on trouva le corps du

118 627 1018 52 prêtre nu, sanglant et inanimé. Au lieu de mettre ce crime sur

116 676 1025 47 le compte du patriotisme et du civisme, comme l’assassin avait

116 723 1025 52 dû l’espérer, on en rechercha activement l’auteur, et Bardol fut

117 773 1023 47 arrêté le 19, encore nanti de la montre d’or, de la tabatière, de

116 822 1025 48 la bourse, du portefeuille et du couteau de la victime. Il venait

117 873 1020 47 de passer trois nuits chez des filles au Palais-Royal. Le témoi¬

118 920 1022 51 gnage d’un clerc d’avoué, neveu de Baduel, confirma les indices

118 970 1022 49 qui dénonçaient un grand coupable. On ordonna que l’exécution

118 1019 1018 53 capitale aurait lieu sur la place la plus prochaine des Champs¬

120 1072 133 50 Elysées.

154 1115 982 53 Un M. Quicherat, que nous croyons le frère du savant profcs¬

119 1164 1022 53 seur de ce nom attaché à l’Ecole des chartes, a publié, avant

118 1215 1022 51 M. Lefeuve, une Biographie de 16 pages, où il donne à V. de

119 1262 1019 52 Lanneau le titre de fondateur et chef de l’institution de Sainte¬

119 1313 1021 51 Barbe; cette qualification, prise au surplus par V. de Lanneau

119 1363 1019 61 lui-même en tête de ses ouvrages, donnerait absolument raison
