2016 2664
969 193 33 46 2

288 236 1470 101 Quicumque pro lectione alicujus Libri supplicave¬

210 313 1549 98 rit, ejusdem Libri? manuscriptum apographum ad sa¬

213 395 1545 88 cram Facultatem afferet, antequàm illud manuscriptum

222 481 572 74 Typis committatur.

278 546 1480 84 Unusquisque trium Approbatorum integrum manu¬

210 611 1551 94 scriptum perleget: quâ lectione absolutâ collatis simul

211 691 1540 87 sermonibus apud Antiquiorem é sæcularibus Magistris,

211 769 1548 87 si qua animadverterint digna correctione, illa notabunt.

214 839 1544 86 Harum corectionum duplicem Indicem conficient:

213 913 1548 86 utrumque nomine suo subsignabunt, ut & Author Li¬

216 988 1543 92 bri, vel ille qui Libri curam geret, manebitque indi¬

214 1062 1541 90 culus ab Authore vel ab ejus vices tenente subsignatus

220 1144 1153 87 penes Antiquiorem ex Approbatoribus.

297 1212 1464 91 Postquam Typis mandatus fuerit liber, observabunt

216 1289 1548 87 tres Approbatores utrùm omnia secundùm fidem indiculi

214 1363 1547 91 fuerint correcta: tuncque Antiquior Deputatorum sæcu¬

216 1434 1543 88 laris referet ad sacram Facultatem nihil obstare quominus

216 1509 1546 89 hic Liber Approbatione donetur: quam Approbationem

216 1582 1545 94 concedent, reddentque Authori indiculum correctio¬

217 1657 1539 93 num servabiturque in Archivis sacræ Facultatis exem¬

222 1739 809 87 plar Libri typis mandatum.

290 1807 1471 94 Erit autem Approbatio simplex absque elogiorum

223 1887 1041 87 pompâ atque his concepta terminis.

291 1955 1476 94 Nos infrà scripti Doctores Theologi Parisienses testa¬

217 2029 1550 99 mur nos ex mandato sacra Facultatis legisse, examinas¬

247 2107 1505 90 e, & censuisse Librum sub hoc titulo.........

219 2177 1542 100 nihilque in eo deprehendisse fidei Catholicæ aut bonis mo¬

224 2259 1413 85 ribus contrarium. In quorum fidem subscripsimus.

304 2326 1455 99 Si verò Liber sit Gallicè conscriptus, Approbatio

226 2413 737 89 his erit terminis expressa:
