2016 2664
297 248 1476 89 Nous soussignez Docteurs en Theologie de la sacrée

227 327 1546 93 Faculté de Paris, certifions que par l’ordre de ladite Fa¬

224 407 1544 76 culté nous avons lù & examiné un Livre qui a pour ti¬

227 483 1541 73 tre (....) & que nous n’y avons rien trouvé de contrai¬

229 552 1536 85 re à la foy Catholique & aux bonnes mœurs. En foy de¬

230 634 649 82 quoy nous avons signé.

575 742 850 64 Notæ ex Commentariis sacræ Facultatis.

281 796 1492 59 1. Facultas nominabit sexdecim Doctores ] Juxta conclusionem sacræ Facultatis

233 846 1540 53 Iatam die 2. Julii anno Domini 1611. Honorandus D. Syndicus supplicavit ut seli¬

238 895 1535 62 gerentur aliqui Theologi ex singulis familiis qui libros legerent &c. Cui suppli¬

233 944 785 56 cationi Facultas annuit, nominavitque &c.

282 990 1489 62 2. Duos sorte ducent. ] Hoc scriptum est juxta conclusionem latam die 2.

235 1037 1535 62 Aprilis anno Domini 1635. super supplicatione Magistri nostri de S. Simon

238 1087 1332 61 petentis licentiam approbandi le Seminaire d’Hermogene per F.

236 1132 1535 60 censuit Facultas ut Magistri nostri Parent & Bachelier viderent cum ipso

238 1181 1535 63 ejusmodi librum & in posterum duos Antigraphos nominandos qui cum Appro¬

238 1226 770 60 batoribus conferant de libris evulgandis.

288 1272 1488 68 3. Ejusdem libri manuscriptum Apographum ad sacram Facultatem afferet.] Illud

239 1324 1535 50 habetur in multis conclufionibus: præsertim anno 16n. die 17. mensis Julii. Ho¬

238 1369 1538 65 norandus Magister noster Nicolaus Isambert.... supplicavit ut caveret Facultas ne

241 1417 1536 61 quis Doctor in posterùm libros approbaret nisi antequàm typis mandentur... &

242 1466 1537 61 apud se retento illorum librorum Autographo. De quibus omnibus sic censuit Fa¬

241 1511 1538 66 cultas. 1. Æquissimas esse propositiones à D. Syndico factas, ideoque in posterùm

242 1559 1432 63 stricte servari debere. Item ex alia conclusione anno D. 1643. die 1. Aprilis.

291 1613 1489 56 4. Harum correctionum duplicem indicem conficieut.] Hoc legitur in multis

242 1654 1537 62 conclusionibus. In conclusione lata die 1. Decembris an. 1623. sic habetur Hono¬

244 1700 1536 65 randus Magister noster Filesac Theologus Ecclesiæ Parisiensis suasit &c.... Quod

242 1752 1540 61 si in libro designatus Magister unus aut alter vel emendanda vel expungenda

244 1801 1536 56 animadverterit, ipse horum omnium indiculum conficiat quem curabit vel ab ipso

245 1847 1537 62 Authore vel à Bibliopola subsignari eundemque apud se adservabit.... Quibus

245 1894 1537 59 articulis auditis & diligenter examinatis atque assensu H. M. N. Petri de Besse Syn¬

245 1940 1538 60 dici firmatis, vetuit Facultas nequis Doctor ejusdem ullum approbet librum nisi

245 1989 1538 66 iis legibus & conditionibus supra expositis. Quæ & fusius habentur descripta in

245 2036 798 59 conclusione lata die 1. Julii anno D. 1627.

296 2085 1489 66 5. Erit autem Approbatio simplex, absque elogiorum pompâ. ] Secundúm Con¬

248 2135 1538 58 clusionem latam die 1. Augusti anno Domini 1631. Sacra Facultas... porro decrevit

248 2183 1537 62 neminem ex Magistris nostris qui deinceps libros approbabunt debere recedere à

253 2233 1532 72 veteri & usitata formula librorum Approbandorum, quam unicam probat dicta

250 2274 170 62 Facultas.
