2016 2664
223 452 1566 108 SENTENTIA DOMINORUM

618 597 816 92 DEPUTATORUM,

97 714 1698 104 Quibus sacra Facultas Theologia Parisiensis curam com¬

321 799 1474 87 misit observandi ea omnia quæ spectant approbationes

325 873 1473 84 Librorum, & cautiones quæ in iis concedendis debent

325 948 271 77 adhiberi.

410 1068 1386 77 Mnes Magistri qui Comitiis intersunt poterunt

341 1147 1448 78 supplicare pro lectione & approbatione Librorum,

251 1216 1545 84 modo aliquot ante diebus dederint Syndico descriptum

253 1292 423 79 titulum Libri.

322 1360 1476 83 Singulis semestribus Facultas' nominabit sexdecim

254 1437 1545 81 Doctores: scilicet quatuor ex Domo Sorbonicà, qua¬

253 1514 1549 78 tuor ex Domo Navarrica, quatuor ex iis qui nulli sunt

254 1583 1414 86 addicti Familiæ, quatuor denique ex Regularibus.

325 1657 1473 86 Iisdem in Comitiis in quibus facta fuerit supplica¬

256 1734 1543 80 tio, Syndicus cum duobus Conscriptoribus ex iis sex¬

254 1805 1545 83 decim Magistris à sacra Facultate nominatis? duos sor¬

257 1881 1544 80 te ducent qui lectioni dicti Libri incumbant simul cum

254 1956 1545 80 eo qui pro lectione supplicaverit: ita tamen ut inter illos

256 2027 1542 87 tres Magistros semper aliquis Magister sæcularis occurrat.

331 2104 1467 80 Præter illos tres Approbatores à Facultate Deputa¬

259 2178 1539 83 tos, poterunt & alii Magistri, ut ipsis libuerit, eundem

254 2252 1544 79 Librum approbare: modò tamen plura Approbationum

256 2326 1539 77 instrumenta non conficiantur, sed omnes uni eidemque

254 2406 1092 90 Approbationi nomen suum apponant.
