1888 2720
1115 120 15 61 8

403 182 1395 86 facilè recognosceret. Optimo & maximo Rege nihil

408 261 1390 86 vtique dignius, quàm per subditorum gloriam Regno

403 330 1395 91 cõsulere: & LAMONÆO nihil optatius, quàm se na¬

405 412 1395 83 ctũ esse tam raram indolis felicitatẽ, vt quantùm cres¬

406 491 1391 75 cit honore, tantùm crescat & benefaciendi facultate,

504 568 1293 78 Et hunc quidem apicem laudis, vel nobis

409 645 1389 77 tacentibus, Senatus Parisiensis præstantia conciliat.

412 720 1385 86 Nam si Romanorum Senatum Regum esse con¬

68 800 317 77 Plutarchus in Pyr

52 859 85 64 rho.

411 799 1387 85 sessum celeberrimus Pyrrhi legatus quondam as¬

406 877 1394 85 seruit, an humiliùs de patrum conscriptorum or¬

405 955 1389 84 dine æquus rerum æstimator sentiat? Ibi non langues¬

402 1032 1392 78 cit in multos licèt divisa dignitas: sed cùm eam à Sena¬

403 1116 1395 74 tore radiantem Senator alter excipiat, reciprocatione

402 1186 1398 80 hinc inde repercussi luminis ipsa sic efflorescit: vt cùm

403 1264 1395 86 spiret vndequaque majestatem, imperet vbique reue¬

403 1341 1397 80 rentiam. Ibi jacentes eriguntur, læsi recreantur, refi¬

403 1414 1394 86 ciuntur perculsi: vincit pudor libidinem, furorem ar¬

403 1496 1397 80 cet modestia, amentiam ratio profligat. Si vetustiora

405 1576 1398 69 lubeat annalium evolvere scrutarique monumenta,

405 1651 1396 85 & antiquos judiciorum ritus memonã repetere, dum

403 1724 1395 81 secunda floreret regum nostrorum prosapia, nullibi

403 1805 1395 77 Senatus certamsedem obtinuit: imo provectiore jam

403 1885 1395 77 tertiæ stirpis imperio, cum à Regis latere nunquam

402 1956 1390 79 discederet itinerum comes fidissimus, pro varià tem¬

408 2040 1387 78 porum & locorum opportunitate majores causas

403 2109 1388 82 pertractabat. Desultoriam hanc subselliorum vicissi¬

403 2189 1388 77 tudine sistere cum publicæ necessitatis interfuit, Philip¬

406 2269 1386 89 pus pulcher non alibi quam in hac Principe ciuitatu, in

1677 2346 108 71 hac
