1888 2720
71 179 1396 88 næ celebritatis pompa, si publica priuatis officijs

69 259 1401 88 monumenta subjungamus. Serò quidem & expe¬

71 335 1755 89 ctatione nostrâ tardiùs in hujus amplitudine loci, fent ante 16. diem

1475 320 351 65 diernæ fieri debuis¬

1501 278 325 55 Supplicationes ho¬

71 412 1750 82 consessusque frequentiâ, revocatis tandem ad concor-Decembris 16. nisi

68 489 1668 91 diam ordinibus Academicis, has partes persoluimus: natusconsulto¬

1472 468 349 72 dilatæ fuiffent Se¬

68 563 1398 86 sed quod temporum difficultas & Academiæ fata

69 643 1397 83 distulerunt, Rectoris dignitas reposcit vehementiùs.

72 723 1394 80 Nostræ etenim authoritatis interest, vt, qui tene¬

69 800 1401 74 mus reipublicæ literariæ clavum, moncamus yos

69 880 1404 81 atque cohortemur, ne navatæ hactenus pœniteat, nec

72 952 1400 86 dandæ posthac pudeat literis operæ, quoniam si per

75 1030 1397 80 vulgi contemptum detritâ parumper majest ate vilue¬

72 1101 1397 88 rint, versã nunc feliciter vice non modò pristina deter¬

72 1180 1397 77 so squalore recuperabunt ornamenta, verùm etiam

74 1252 1393 86 noui accessione splendoris sub literato Principe

78 1331 311 75 radiabunt.

122 1403 1347 88 Ne autem in hoc alacritatis apparatu vel indi¬

84 1486 1391 79 gna sermonis exilitas misceat, vel effusus amor accer¬

80 1562 1393 80 sat aliena, placet totam gratulationis seriem ad æquis¬

81 1636 1394 83 simi Regis consilium componere. Vt Rex optimus

81 1712 1392 83 hilaritatis publicæ suppeditat causam, decet & præ¬

83 1792 1393 71 bere normam: quod voluntate instituit, mente scru¬

86 1869 1390 71 tabimur: quod facto docuit, verbo expromemus.

87 1947 1395 73 Cùm enim tacita contemplatione ordines percurreret

90 2017 1392 83 singulos, è quibus vnum aliquém solio Themidis

84 2094 1398 85 imponeret: ei tandem suffragatus est, in cujus ele¬

93 2179 1395 77 ctione summum ejus, qui promouebatur, honorem

93 2251 1391 98 cum summà Galliæ conjunctum vtilitate quivis
