1712 2720
662 78 378 65 MÉTAPOLITIQUE

65 140 1541 70 sianisme, j’ai pris la liberté de faire remarquer au président du conseil de

68 191 1539 65 vos ministres, Sire, qu’en dehors de cette connaissance positive des destinées

63 247 1544 67 terrestres de l’être raisonnable, nul homme ne peut, avec conscience, pro¬

63 297 1546 70 noncer sur le sort de la France, ni par conséquent juger, avec vérité, l’en¬

63 349 1544 65 traînement actuel de cette illustre nation. — Songez, ai-je dit à ce ministre,

65 401 1544 70 qu’il s’agit ici de prononcer avec une CONVICTION ABSOLUE, pour pouvoir assu¬

65 457 1542 61 mer l’infinie responsabilité d’une inévitable et imminente ruine de la France.

104 507 1505 65 Ces paroles sinistres ne sont pas chez moi, lui ai-je ajouté, l’expression de

66 565 1544 63 quelque vague pressentiment : elles sont fondées sur les principes absolus de

68 613 1541 65 l’existence même de la vérité; principes qui sont demeuré cachés aux hommes

68 666 1542 66 jusqu’à ce jour, et qui sont actuellement dévoilés dans la doctrine du mes¬

69 722 1541 69 sianisme que j’ai prié ce ministre de porter au pied du trône de Votre Ma¬

72 781 115 53 jesté.

113 823 1500 68 Bien plus, dans la première partie de cette doctrine absolue, dans le Pro¬

71 877 1544 65 drome du Messianisme, que j’avais alors livré au public, la confirmation positive

74 935 1544 57 de cette haute annonce se trouvait donnée par la formelle révélation qui y est

74 982 1542 65 faite des DESTINÉES DE L’HUMANITÉ, de ces destinées finales qu’il s’agit précisé¬

74 1036 1542 65 ment de reconnaître aujourd’hui pour pouvoir arrêter le désordre politique du

77 1089 1541 63 monde civilisé, surtout le désordre révolutionnaire de la France, et pour pou¬

81 1149 1537 61 voir donner aux peuples la direction nouvelle qu’ils attendent partout avec une

81 1195 319 62 si vive anxiété.

120 1246 1499 64 Aussi, en me fondant sur ce premier et je peux dire immense résultat pu¬

80 1296 1541 65 blic de la doctrine du messianisme, résultat que nul homme n’a pu ni ne

80 1355 1542 59 peut contester, je pense avoir acquis le droit, aux yeux de mes contempo¬

80 1411 1544 45 rains, d’énoncer hautement mes prévisions sur l’avenir de la grave question

78 1453 1547 62 du salut actuel de l’humanité. Et c’est par suite de ces positives considérations

80 1509 1544 62 extérieures, jointes à mon intime conviction personnelle, que j’ose encore une

81 1557 1544 67 fois, dans la présente crise du monde politique, parler à Votre Majesté de

83 1613 1541 61 cette doctrine nouvelle comme offrant l’unique voie par laquelle les peuples

84 1665 1541 62 peuvent, non-seulement sortir de leur fatal désordre universel, mais même

90 1716 796 55 s’avancer vers des destinées supérieures.

128 1768 1502 58 Je sais très bien, Sire, tout ce qu’il y a de défavorable et d’inconvenant

87 1820 1541 59 dans de pareilles annonces de nouvelles doctrines philosophiques. Mais, je

89 1882 1541 50 sais aussi que, lorsque les anciennes doctrines, philosophiques et même reli¬

92 1926 1538 61 gieuses, sont demeuré impuissantes, non-seulement pour résoudre l’actuel pro¬

89 1978 1542 65 blème fondamental de la politique, mais même pour concevoir et pour poser

90 2030 1543 61 ce décisif problème, puisqu’elles sont toutes entraînées dans le vertige de

93 2085 1540 62 l’un ou de l’autre des trois susdits partis sociaux, c’est à de nouvelles doc¬

92 2133 1541 67 trines qu’il appartient d’apporter la vérité pour tirer l’humanité de son

93 2188 1538 60 inextricable désordre. Aussi, ne mériterais-je certainement aucune confiance si,

92 2240 1541 97 après tant de débats publics, je me présentais aujourd'hui avec l’une ou avec
