1712 2720
695 80 324 60 MESSIANIQUE.

75 136 1538 66 protestantisme, et sur la philosophie moderne, tout le monde comprend qu’il

77 193 1371 57 cherche à ramener la domination des anciennes CROYANCES religieuses.

108 243 1508 65 Or, ces continuelles vicissitudes d’un permanent désordre politique ne peu¬

75 299 1543 62 vent absolument s’expliquer en France par rien autre que par une complète

75 346 1540 66 absence de la vérité dans les vues politiques de la nation française; car,

74 401 1545 64 cette noble nation prouve, par sa persistance même à conquérir ainsi la liberté

75 451 1543 64 et l’ordre, combien elle ressent profondément la vocation morale de l’homme.

77 507 1545 59 Bien plus, cette illustre nation ne subit si long-temps son périlleux désordre

77 557 1544 64 révolutionnaire que parce que, sans être moins éclairée que les autres nations

78 608 1538 65 civilisées, elle sent plus vivement, à côté de sa force, l’auguste besoin d’ac¬

77 663 679 60 complir les destins de l’humanité.

119 708 1505 71 Malheureusement, cette haute tendance nationale est, à elle seule, très dan¬

78 772 1544 59 gereuse aujourd’hui. — Jadis, elle pouvait suffire, lorsqu’il existait, pour le

77 819 1545 63 progrès de l’humanité, des buts fixés intentionnellement par la Providence

80 870 1544 59 dans la nature même de l’homme. Et c’est ainsi en effet que, par cette seule

78 923 1547 63 impulsion providentielle des peuples, se sont accomplies successivement tou¬

77 977 1545 62 tes les périodes historiques qui ont précédé notre critique époque actuelle.

81 1030 1546 58 Mais aujourd’hui, la seule tendance vers l’accomplissement des destinées de

80 1078 1548 56 l’homme, quelque noble qu’elle soit sans doute, loin de suffire, ne peut

80 1133 1547 56 qu’entraîner une nation dans un abîme de désordres, à cause qu’il n’existe

80 1187 1545 59 plus, pour la direction de l’humanité, aucun but providentiel, ou plutôt à

80 1234 1547 64 cause qu’il existe actuellement, par une fatalité inhérente à la nature ter¬

78 1285 1550 58 restre de l’être raisonnable, deux buts diamétralement opposés et également

80 1340 1545 62 fondés, savoir, d’une part, l’accomplissement cognitif, suivant l’expérience,

80 1391 1548 64 des vues philosophiques de la raison, et, de l’autre part, l’accomplissement

81 1446 1544 56 sentimental, suivant la révélation, des vues religieuses de la foi. Il faut donc

81 1494 1546 71 aujourd’hui, pour éviter l’abîme que je viens de signaler, quelque chose de

84 1544 1543 71 plus qu’une haute tendance nationale. Il faut de nouvelles et décisives lumiè¬

84 1603 1543 62 res philosophiques; peut-être même, à en juger par la grandeur du but, faut¬

84 1653 1544 66 il aujourd’hui découvrir les vÉRITÉS ABSOLUES du monde, pour pouvoir recon¬

86 1709 1539 55 naître les DESTINÉES FINALES DE L’HUMANITÉ SUR LA TERRE; destinées qui seules,

86 1754 1544 62 comme on le conçoit à priori, peuvent servir à fixer la vraie direction de

86 1807 1544 69 l’humanité au milieu de son actuel et fatal antagonisme entre ses deux buts

86 1860 1542 68 diamétralement opposés, par lesquels les peuples sont entraînés vers l’indes¬

86 1916 1187 66 tructible désordre dont la France offre le funeste exemple.

133 1967 1500 62 Votre Majesté ne peut douter que, dans les circonstances critiques du monde

87 2015 1544 67 civilisé, telles que je viens de les laisser entrevoir ici, et telles qu’elles se

90 2070 1546 59 sont déjà réalisées et prononcées plus fortement en France, il n’existe en effet

90 2121 1543 59 aucun autre critérium de vérité que cette haute et absolue connaissance des

89 2172 1541 65 destinées finales de l’humanité sur la terre. — Aussi, à la susdite époque où,

90 2227 1540 91 pour la première fois, j’ai osé parler à Votre Majesté de la doctrine du mes¬
