1712 2720
692 72 318 62 MESSIANIQUE.

83 129 1538 62 plusieurs des trois doctrines dominantes, avec celle du droit humain, avec

83 184 1539 63 celle du droit divin, ou même avec celle du juste-milieu, en annonçant que

86 237 1536 65 j’ai enfin trouvé, dans ces doctrines si rebattues, le fil pour faire sortir l’hu¬

83 291 1542 61 manité du terrible dédale où ces doctrines mêmes l’ont poussée si profondé¬

81 346 1550 62 ment. Je rougirais si, après ma longue et froide carrière scientifique, je me

84 400 1537 60 présentais aujourd’hui, avec ces fausses et dangereuses doctrines politiques,

84 448 1543 64 pour invoquer l’auguste attention de Votre Majesté. Non, c’est de nouvelles

86 504 1539 64 doctrines, si ce n’est pas de celle du messianisme c’est de quelque autre,

86 553 1108 59 que les hommes doivent aujourd’hui attendre la vérité!

124 605 1506 62 Je sais également, Sire, combien sont défavorables les doctrines théoriques

89 664 1542 59 ou spéculatives dans des questions de pure pratique, comme le sont en appa¬

86 708 1547 67 rence celles de la politique. Mais, je sais aussi qu’avant d’agir, il faut avoir

89 764 1544 58 des principes d’action, des préceptes qui, pour être vrais, doivent être établis

89 816 1544 60 rationnellement en les déduisant de plus hauts principes spéculatifs, et nom¬

89 870 1544 54 mément ici du susdit et infaillible principe des destinées finales de l’humanité.

96 924 1540 61 — C’est précisément par le défaut de tels préceptes fondés rationnellement

92 977 1545 61 que certains hommes d’état, nommés aujourd’hui hommes politiques, croient

92 1027 1545 64 présenter à Votre Majesté d’admirables plans de gouvernement, lorsque, par

93 1078 1544 64 quelques combinaisons sociales, ils ne font que de dangereux essais d’actions

93 1130 1546 60 pratiques mal fondées. Mais, comme je l’ai déjà dit plus haut, toutes ces

96 1183 1544 65 combinaisons politiques sont épuisées aujourd’hui. Et lors même que l’on

96 1234 1544 67 pourrait encore en trouver de nouvelles dans la sphère des idées connues, ce

99 1287 1544 63 serait réduire la politique à un jeu indigne, si on livrait ainsi la direction et

98 1346 1541 54 le sort des peuples à de simples combinaisons enfantées au hasard par des

99 1393 1544 56 hommes qui ne sauraient qu’agir, et qui ne pourraient concevoir ni même

102 1446 1540 54 comprendre les principes théoriques ou spéculatifs de leurs propres actions.

139 1496 1504 61 C’est en vain que ces hommes d’état voudraient fonder sur l’histoire leurs

99 1551 1544 58 plans de gouvernement. J’ai déjà fait observer, en 1832, au président du

104 1597 1541 59 conseil de vos ministres, Sire, qu’il y a dans l’histoire, c’est-à-dire dans le

102 1651 1543 58 développement progressif de l’humanité, des époques que nulle règle anté¬

102 1707 1544 61 rieure ne peut servir à apprécier.—Or, telle est, en effet, l’époque critique

105 1755 1543 61 où se trouve actuellement la France. Sa position, didactiquement constatée, ne

104 1810 1544 62 ressemble en rien à aucune partie de l’histoire; et par conséquent, aucune

107 1863 960 66 règle historique ne saurait servir pour en juger.

146 1917 1503 61 Il n’existe donc aujourd’hui, pour ces hommes purement pratiques, aucun

110 1968 1541 61 moyen de reconnaître si l’impulsion nationale, et par là même la direction du

110 2020 1539 62 gouvernement, qui se réglerait sur cette impulsion, sont vraies ou erronées.

110 2070 1550 57 Et alors il ne serait pas surprenant si de tels hommes d’état, d’ailleurs très

111 2124 1542 61 estimables, représentaient à Votre Majesté la doctrine du messianisme comme

113 2177 1541 65 un système métaphysique, ou pour le moins comme une utopie. Mais, c’est

110 2227 1539 81 alors précisément que cette doctrine supérieure, qu’ils ne sauraient comprendre,
