2072 2784
507 204 1400 83 le passé les ci-devant soi-disans de la Compagnie de

510 283 1393 78 Jesus; l’Arrêt du 28 Août 1762, rendu sur la Requête

509 352 1398 74 du Procureur Général du Roi; l’avis de l’Université

512 423 1402 82 de Paris, du 30 Août 1762; l’avis des Prevôt des Mar¬

510 494 1399 79 chands & Echevins de la Ville de Paris, du 3 Août

510 566 1399 78 audit an; l’avis des Officiers du Châtelet de Paris,

512 640 1402 80 du 2 Septembre 1762, & autres Pieces attachées à

510 711 1402 80 ladite Requête, signée Basly, Procureur pour Dan¬

513 779 1401 85 jou, aussi Procureur absent; Conclusions du Procu¬

512 852 1395 83 reur Général du Roi: oui le rapport de Me Joseph¬

513 923 1142 86 Marie Terray, Conseiller, tout considéré:

577 1064 1330 82 LA COUR autorise les Supplians à traiter à titre

513 1141 1398 73 de vente avec qui il appartiendra, de l’emplacement

518 1209 1391 79 & des bâtimens du Collége de Lisieux, comme de¬

518 1280 1394 81 vant entrer dans le plan de la nouvelle Eglise de Sainte

518 1353 1394 80 Genevieve, à l’effet de quoi il sera fait avec qui il

518 1426 1399 78 appartiendra, & en présence d’un des Substituts du

518 1497 1394 79 Procureur Général du Roi, par Experts convenus à

516 1569 1395 76 l'amiable par les Parties, sinon nommés d’office par

519 1637 1395 79 les Commissaires nommés par l’Arrêt du 6 Août 1762,

519 1713 1390 78 au nombre de deux au moins, visite, prisée & estima¬

521 1780 1390 82 tion desdits emplacemens & bâtimens du College de

519 1851 1401 82 Lisieux, à la charge par les Supplians, suivant leurs

519 1922 1399 71 offres, d’en faire & avancer les frais sur les fonds des¬

519 1993 1399 82 tinés à la construction de la nouvelle Eglise, & ce¬

521 2067 1394 78 pendant par provision, ordonne, sous le bon plaisir du

521 2135 1390 82 Seigneur Roi, que ledit College de Lisieux sera trans¬

519 2208 1393 74 féré dans les terreins & bâtimens du ci-devant Col¬

523 2284 1392 79 lege de Clermont; en conséquence, qu’au premier

524 2349 1388 99 Octobre prochain les Classes dudit College de Le
