2072 2784
202 197 1404 78 sieux seront provisoirement ouvertes & tenues en la

201 273 1406 71 maniere accoutumée dans les terreins & bâtimens du¬

204 343 1392 74 dit College de Clermont, sis en cette Ville de Pa¬

202 412 1408 78 ris rue Saint Jacques, à l’effet de quoi les Principal,

205 485 1405 74 Procureur, Professeurs & Boursiers du College de

204 552 1405 74 Lisieux seront, à la Requête du Procureur Général du

205 623 1395 82 Roi, mis en possession provisoire, même en tems de Va¬

208 699 1402 75 cations, par les Commissaires nommés par l’Arrêt du

207 767 1400 80 6 Août 1762, au nombre de deux au moins, & en

207 835 1408 75 présence d’un des Substituts du Procureur Général du

207 904 1402 76 Roi, & aussi en celle desdits Abbé, Prieur & Cha¬

207 979 1410 71 noines Reguliers de Sainte Genevieve du Mont, du

211 1047 1404 75 Recteur & Syndic de l’Université, des Principal &

211 1118 1398 80 Procureur du College de Lisieux, ou eux duement

210 1189 1407 79 appellés, de tous les terreins & bâtimens qui seront es¬

210 1255 1405 78 timés nécessaires pour la tenue dudit College de Li¬

208 1328 1416 76 sieux, & ce au dire, s’il en est besoin, d’un seul Expert

210 1399 1407 79 qui sera nommé d’office par lesdits Commissaires, dont

210 1467 1417 81 & du tout, Procès-verbal sera dressé par lesdits Commis¬

208 1542 1418 74 faires, lors duquel les Parties intéressées pourront faire

213 1613 1408 71 tels dires & requisitions qu’elles aviseront bon être,

213 1682 1410 79 fur lesquels il sera statué ainsi qu’il appartiendra,

218 1755 1409 73 par lesdits Commissaires, dont les Ordonnances

215 1825 1409 78 seront exécutées par provision, nonobstant toutes op¬

218 1896 1406 82 positions ou appellations quelconques, & sans y pré¬

221 1967 1408 76 judicier, à la charge néanmoins par lesdits Abbé,

219 2036 1410 76 Prieur & Chanoines Réguliers de fournir & avancer?

221 2109 1411 68 toutes les sommes qui seront ordonnées par lesdits

224 2177 1410 74 Commissaires dans le cours dudit procès-verbal, tant

224 2248 1406 76 pour mettre les terreins & bâtimens dudit College

224 2318 1408 105 de Clermont en état de servir au premier Octobre¬
