2072 2784
199 224 1390 79 pendant ces Vacances, & au premier Octobre pro¬

196 292 1393 77 chain les Classes du nouveau College de Lisieux, se¬

198 363 1392 79 roient ouvertes au Public; ils ont conclu à ce qu’at¬

198 429 1398 92 tendu ce que dessus, il fût ordonné qu’ils seroient &

196 508 1397 67 demeureroient autorisés à traiter à titre de vente avec

199 573 1396 84 qui il appartiendroit, de l’emplacement des Bâti¬

199 646 1397 73 mens du College de Lisieux, comme devant entrer

202 714 1396 77 dans le plan de la nouvelle Eglise de Sainte Genevie¬

205 785 1393 82 ve, à l’effet de quoi il seroit fait avec qui il appartien¬

202 853 1394 84 droit & en présence d’un Substitut du Procureur Gé¬

204 928 1399 80 néral du Roï, par Experts convenus ou nommés d’offi¬

205 999 1399 77 ce, estimation desdits emplacemens & Bâtimens du

210 1070 1396 77 College de Lisieux, aux offres par les Supplians d’en

210 1135 1394 77 faire & avancer les frais sur les fonds destinés à la con¬

207 1209 1399 79 struction de la nouvelle Eglise de Sainte Genevie¬

210 1283 1397 76 ve; & pour faciliter ladite vente, il fût ordonné que

208 1348 1399 79 dès-à-présent ledit College de Lisieux, son titre & les

208 1421 1396 90 fondations y attachées, & tout ce qui peut en dépen¬

213 1497 1397 69 dre sans aucune exception, seroient transférés dans

213 1563 1402 68 le terrein & les bâtimens actuellement vacans du

216 1633 1396 77 College de Clermont, aux offres par les Supplians

216 1701 1396 71 de faire & avancer comme ci-dessus les frais du trans¬

218 1770 1395 84 port des meubles & effets dudit College de Lisieux en

219 1846 1398 78 celui de Clermont : vû aussi le plan arrêté par le Roi

219 1914 1393 79 en 1757, pour la construction de l’Eglise de Sainte

224 1985 1391 76 Genevieve, ledit plan certifié véritable, le 25 Août

230 2055 1387 77 1762; le Mémoire présenté par les Abbé, Prieur &

227 2126 1385 79 Chanoines Réguliers de la Congrégation de France,

229 2194 1388 81 à l'effet de procurer le remplacement dudit Colle¬

236 2265 1385 79 ge de Lisieux dans les terreins & bâtimens du College

233 2338 1388 90 de Clermont, sis rue saint Jacques, qu’occupoient par
