1248 2200
223 218 982 69 » 9 Messidor, 7 et 25 Thermidor et 7 Fructidor

222 276 984 69 » derniers à lui adressées par l’Accusateur public

221 336 982 73 » du Dépatement du Mont-Tonnerre desquelles

222 398 258 61 » il résulte

266 457 940 68 » Que le Citoyen HILD, Commissaire du Gou¬

221 524 985 65 » vernement près l’Administration municipale de

223 584 983 63 » Spire est fortement prévenu d’avoir abusé de

223 646 988 61 » l’exercice de ses fonctions, non seulement

222 708 988 64 » pour commettre diverses concussions mais en¬

226 766 985 62 » core pour voler la République en exigeant et se

224 827 989 65 » faisant fournir par un garde magasin de l’Armée

226 888 985 65 " un certificat de livraison de grains non vérita¬

229 947 456 65 " blement effectuée.

273 1013 941 67 » Vû aussi la lettre du Commissaire du Gou¬

227 1079 989 60 » vernement près l’Administration centrale du

229 1130 983 69 » Département du Mont-Tonnerre du 24 Bru¬

233 1196 978 62 » maire dernier, relative aux poursuites que l’ac¬

232 1252 982 69 » cusateur public a déclaré être vivement sollici¬

233 1317 981 65 » té de toutes parts pour la repression de ces

233 1393 225 49 » crimes.

283 1432 933 70 » Considérant que si la vindicte publique exige

235 1496 977 70 » de ne pas les laisser impunis, le bien du ser¬

237 1562 980 61 » vice ne permet pas non plus de laisser en place

237 1619 981 67 » le fonctionnaire prévenu de les avoir commis.

315 1695 382 65 ARRÉTE

370 1771 752 72 ARTICLE PREMIER

288 1856 935 73 » Le Citoyen HIL D est provisoirement sus

244 1920 979 67 » pendu de ses fonctions de Commissaire du

243 1983 980 66 » Gouvernement près l’administration munici¬

242 2039 597 75 » pale du Canton de Spire.
