1208 2192
31 275 950 73 Il sera dressé inventaire des pièces susmen¬

18 336 966 73 tionnées, qui seront, avec expédition du présent

17 393 970 77 arrêté, renvoyées à l’Accusateur public à l’effet

18 451 965 76 de faire tant à l’encontre dudit Hild que de

20 513 969 77 tous autres prévenus de complicité des mêmes

21 576 962 74 délits, les poursuites judiciaires prescrites en

15 634 977 82 pareil cas par le Code des délits et des peines.

30 779 950 75 Le présent arrêté sera imprimé dans les deux

18 836 959 78 langues, lu, publié et affiché dans toutes les com-

14 901 962 72 munes, et restera placardé dans le lieu des séances

13 957 965 74 des Adminisrations et Tribunaux; les Admi¬

13 1020 962 71 nistrations Centrales seront tenues de le transcrire

17 1077 955 77 sur leurs registres, et d’en accuser la réception

23 1133 476 64 dans la décade de l’envoi.

110 1204 876 85 Le Commissaire du Gouvernemeri dans

156 1270 594 73 les nouveaux Départemens.

449 1346 367 71 LAKANAL.

21 1436 937 92 Un grand nombre de fonctionnaires publics,

18 1501 940 79 tous mes employés, m’assurèrent que cet Hild,

15 1553 940 89 était beau-frère du général de division Hardy,

15 1620 947 76 qui commandait alors à Mayence. Je voyais fré¬

13 1681 948 81 quemment ce militaire, que j’avais appris à es¬

15 1742 945 77 timer, toute-fois je ne crus pas devoir l’entre¬

24 1795 935 80 tenir de cette affaire. Eh! qu’importent les hom¬

25 1860 900 72 mes, là où la justice seule doit-être entendue ?

25 1920 930 72 Dans le nombre immense des dilapidations

59 1984 894 86 dont je n’ai pas eu le tems de frapper les auteurs,
