1208 2192
17 214 963 75 anton de Neustadt, Département du mont-Ton¬

14 277 371 67 nerre, est destitué.

26 406 951 68 Il est déclaré indigne de remplir aucune fonc¬

15 467 965 72 tion publique dans les quatre Départemens, et

14 528 963 69 son nom est voué au mépris des Républicains.

25 649 953 65 Le présent arrêté sera imprimé dans les deux

18 711 958 64 langues, lu, publié et affiché dans toutes les

15 772 961 64 communes des quatre Départemens, et restera

15 831 956 67 placardé dans le lieu des séances des Adminis¬

15 891 960 64 trations et Tribunaux; les Administrations Cen¬

13 952 960 63 trales seront tenues de le transcrire sur leurs

14 1013 961 72 régistres, et d’en accuser la réception dans la

17 1072 325 62 décade de l’envoi.

136 1133 756 77 Le Commissaire de la Répubique,

430 1205 350 76 LAKANAL.

221 1326 478 78 EXTRAIT

13 1430 954 75 Du Registre des Arrêtés du Commissaire du

24 1499 943 68 Gouvernement dans les nouveaux Départemens

19 1552 745 74 établis sur la Rive gauche du Rhin.

17 1636 944 76 Mayence le 12 Frimaire, an 8 de la République

143 1700 623 63 française, une et indivisible.

14 1764 950 77 LAKANAL, Membre de l’Institut Na¬

20 1832 941 64 tional de France, Commissaire du Gouverne¬

17 1892 944 62 ment dans les nouveaux Départemens établis

23 1948 586 67 sur la Rive gauche du Rhin.

37 2020 921 83 Vû les pièces au nombre de six en datte des
