1920 2568
366 241 1042 88 DE NAVIGATIONE.

378 379 1187 86 NAVIGANDI scientia hujus ævi propria est, & fere

222 500 1341 79 Navis centum doliorum dicitur, quæ in aqua locum

366 445 1202 75 tota magneticorum ad polos directioni innititur.

202 560 1322 72 centum doliorum occupat, seu ducenties mille librarum.

328 671 1242 76 REMIGATIO ad vectem secundi generis revocatur, gu¬

328 731 1240 70 bernaculi vires in detorquenda navi, non ab homine

201 787 1366 76 movente gubernaculum, sed a vento navim impellente, & ab

202 848 1061 73 aqua in gubernaculum incurrente procedunt.

245 954 1322 77 IN. velificatione, malus non habet rationem vectis : habet

216 1014 1355 78 tamen ad inclinandam navim. Ventus non nihil obliquus

206 1075 1365 76 postico optabilior est. Bolinæus a plaga opposita ad minimum

204 1137 1043 72 quadraginta quinque gradibus distare debet.

314 1238 1257 78 PRÆCIPUUM navi dirigendæ instrumentum, est rosa

318 1298 1252 80 magnetica, horizontem in plagas 32. divisum referens.

204 1358 1364 75 Ejus vsus, ob declinationem magnetis, correctionem exigit,

205 1410 1368 79 quæ aut per amplitudines ortivas, aut per observationes ele¬

205 1482 674 63 vationum siderum peragitur.

305 1580 1272 83 CELEBRIS illa deviatio, qua navigantes, ad partes orien¬

232 1640 1339 74 tales mediterranei maris, aut a partibus orientalibus, ad

205 1702 1370 72 dexteram, per quadrantem venti, deflectere coguntur, ne¬

206 1761 1369 66 que ex occultis maris currentibus, neque ex mapparum de¬

205 1814 1369 76 fectu; sed ex declinatione magnetis, quæ occidentalis est,

205 1880 327 63 ortum habet.

355 1978 1219 76 NAVIS directa per lineam Nord & Sud rosæ magneticæ,

211 2040 1366 77 Meridianum percurrit. Per lineam Est vel Quest, aut

206 2095 1372 79 Æquatorem, aut circulum illi parallelum describit. Directa

209 2158 1364 73 per alias plagas ad Meridianum inclinatas, lineam inflexam,

208 2217 1369 69 quam Loxodromiam nominamus, & non circularem decur¬

204 2269 1373 77 rit. Navigatio Loxodromica, quamvis circulari longior, illi

205 2335 848 74 tamen præferenda est, quia securior.
