1872 2568
351 340 1308 95 DE MACHINIS HYDRAULICIS.

505 540 1187 79 QUÆCUMQUE attractioni communiter tribuuntur

493 602 1204 74 circa machinas hydraulicas, gravitationi aeris assi¬

480 663 1226 67 gnamus. Ita salientem in vitreo vase exhibemus, &

325 716 1377 75 fontis dimidiam aquam supra scaturiginem evehimus. Duo

328 776 1378 75 vasa ita constituimus, vt ex vno tantum vini haurias, quan¬

326 838 744 70 tum aquæ in aliud infuderis.

456 943 1239 79 VIS expulsiva est aliud machinarum hydraulicarum,

376 1001 1330 78 immo & spiritalium principium. Hujus adminiculo;

328 1061 1382 67 & dimidiam fontis aquam evehimus, & vasa concordix

329 1118 1378 78 aptamus, avesque totam sibi oblatam aquam ebibentes

333 1185 283 64 perficimus.

439 1284 1261 75 VIS rarefactiva non pauciora præstat: illius enim ope

339 1346 1368 72 & fonticulos efformamus, Memnonisque statuam &

332 1409 1380 70 aviculas animamus; xolipilas, thermometra, ygrometra, &

335 1463 519 73 barimetra explicamus.

425 1573 1275 76 VARIAS machinas ad vim compressivam, & elasticam

383 1634 1324 75 revocamus, variosque fonticulos, clepsydras, sclope¬

338 1696 1367 67 ta pneumatica illi tribuimus. Gravitate denique aquæ, mul¬

338 1746 1367 75 ta non injucunda præstamus, situlasque automatas, anthlias

341 1809 1369 65 helices varias ad exhauriendam & attollendam aquam ad¬

345 1868 506 80 hibemus.
