1920 2568
194 289 1306 90 DE FONTIBUS ET FLUVIIS,

825 410 47 73 I.

312 483 1229 83 LIQUORES in exilioribus, capillaribus præcipue, tubis

299 552 1241 70 ideo ab æquilibrio exorbitant, quod aer libere in eos

302 603 1239 77 gravitare non possit. Ita ascensum aquæ in spongiis &

172 660 1368 74 arena & cineribus explicamus Hic tamen ascensus aquæ su¬

178 724 1362 72 pra æquilibrium nihil conferre potest, ad motum perpe¬

172 783 1081 65 tuum, aut ad fontium originem explicandam.

862 833 31 70 I.

364 894 1177 70 ÆQUILIBRIUM non defert aquas maris ad ora fon¬

182 955 97 76 41

336 955 1208 60 tium : ideoque vel per evaporationem, vel ex Solis

172 1011 1371 68 pluviis fontes generari asserimus. Fontes statis vicibus de¬

168 1065 1377 70 currentes, ab æstu maris has alternationes non habent; sed

171 1124 1369 77 probabiliter, ab aliquo canali ad modum syphonis in rupe

167 1179 175 67 exciso.

797 1231 116 71 III.

272 1285 1268 81 SALIENTES verticales per se, æquales sunt aquæ per¬

188 1351 1353 74 pendiculo. Per accidens ab eo deficiunt. Horizontales

169 1406 1134 76 autem sunt in subduplicata ratione altitudinum.

276 1522 1262 71 SI per duo foramina æqualia, aut æquales fluviorum se¬

236 1579 1298 77 ctiones inæqualis aqua fluat, erit altitudo aquæ in du¬

172 1642 684 67 plicata ratione aquæ fluentis.

296 1750 1247 76 UNICA duorum milliariorum libellatio a centro tri¬

248 1810 1289 71 bus pedibus cum dimidio recedit: ideoque in medio

171 1863 1365 80 spatio libella collocanda est. Plures libellationes minus a

171 1933 786 71 centro removentur, quam vnica.
