1504 2504
340 328 1002 74 position de ce système. La force qui l’anime se con¬

340 386 1004 80 tient elle-même; elle ne s’échappe jamais, mais on

338 443 1004 84 la sent toujours et partout. Descartes ne développe

339 506 1005 78 pas, il se résume; mais sa brièveté est pleine et

336 563 1006 83 féconde. C’est un besoin pour lui de tout décompo¬

336 627 1005 74 ser, de tout réduire, et en même temps de tout en¬

336 685 1006 78 chaîner avec l’audace et la sévérité de la géométrie

333 742 1011 84 et de l’algèbre. Un tel esprit, si conforme à celui

332 805 1010 79 de son siècle, si fait pour la révolution qui se pré¬

332 870 1009 75 paroit, devait la déterminer et l’accomplir. Aussi

332 930 1009 78 Descartes, élevant d’abord une méthode, puis, au

332 987 1007 81 lieu de la laisser stérile comme Bacon, ou d’en faire

332 1046 1009 83 des applications fausses et ridicules, l’appliquant

329 1108 1009 80 successivement et avec le plus brillant succès à la

329 1172 1006 84 géométrie, à la physique, à la métaphysique, à la

328 1233 1007 81 physiologie, à la médecine, à la morale, à toutes

328 1295 1009 80 les questions qui avoient alors de l’intérêt, créant

326 1356 1009 79 des sciences nouvelles, reculant celles qu’il ren¬

326 1421 1008 73 controit sur sa route, marchant sans cesse de

326 1481 1015 79 prodige en prodige dans une vie philosophique

326 1541 1006 79 assez courte, jeta un immense éclat, ébranla et

325 1601 1010 80 vivifia tous les esprits, créa une école, et, ce qui

324 1665 1006 79 vaut mieux, un grand mouvement. L’école a pu

322 1729 1006 75 passer, le mouvement est immortel. Descartes est

321 1786 1004 80 le père de la philosophie moderne, et par les gé¬

321 1850 1000 73 nies qu’il a suscités autour de lui et sur ses traces,

321 1905 1003 84 Malebranche, Spinosa, Leibnitz, et surtout par l’es¬

315 1968 1009 92 prit indestructible qu’il a déposé dans la philoso¬
