1576 2512
209 326 1005 66 battit à la fois et les accabla d’un seul coup; et

212 390 1002 57 par là l’esprit humain rentra dans la voie de cette

209 446 1005 71 noble philosophie qui, après un long sommeil, où

212 507 1002 67 pourtant elle avoit encore de loin en loin donné

209 570 1005 69 quelques signes de vie, reparut enfin à la lumière

206 632 1007 57 et sur la scène du monde dans la personne de Des¬

209 692 1004 67 cartes. Elle y est ce qu’elle devoit être; elle y porte

207 749 1007 70 le caractère du temps et de celui qui le représente

206 810 1007 73 en elle : ce caractère est l’énergie, la vigueur, l’aus¬

206 877 1009 59 térité, la constance. Descartes est un enfant du

207 933 1004 67 seizième siècle. Ce n’est plus un poëte de la Grèce,

207 999 1004 64 un savant de l’Égypte; c’est un homme moderne,

205 1062 1008 64 un Européen actif et inquiet, qui, après avoir connu

207 1117 1003 69 la vie, la réalité et les affaires, aborde les grands

207 1179 1004 61 problèmes de l’humanité, sans illusions et sans su¬

207 1243 1006 64 perstitions, décidé à voir clair s’il est possible, à se

206 1302 1002 68 rendre compte avec sévérité de ses propres idées,

207 1367 1006 63 et à s’entendre avec lui-même. Tel fut et dut être

209 1426 1004 67 Descartes. Un souffle heureux porte sans cesse et

207 1486 1008 67 doucement Platon vers les régions supérieures; ce

210 1550 1004 64 qui le caractérise est l’élévation. Un vaste savoir

209 1611 1008 66 rattache perpétuellement les méditations de Pro¬

207 1671 1007 74 clus à celles des sages des différents siècles et des

210 1733 1004 70 différents peuples; ce qui le caractérise est l’éten¬

209 1797 1005 68 due. Je ne sais quelle vigueur secrète tient toujours

212 1856 1006 68 Descartes aux prises avec la réalité; ce qui le carac¬

213 1918 1005 69 térise est la force. Il tire tout de là, et sa méthode

210 1978 1007 83 et ses principes et ses résultats, son système et l’ex¬
