1616 2504
214 347 1005 67 phie européenne, et qui désormais la suivra dans

215 408 1015 67 toutes ces vicissitudes. L’ignorance ou l’envie ont

212 470 1007 69 beau prétendre que l’esprit français n’est pas pro¬

211 532 1008 68 pre à la métaphysique, la France peut se conten¬

212 592 1010 71 ter de répondre qu’elle a donné Descartes à l’Eu¬

211 657 909 66 rope et à l’humanité.

212 713 1011 74 Mais tandis que Descartes créoit la philosophie

208 776 1014 69 moderne, et remplissoit l’Europe de la gloire de

210 843 1012 62 son nom et de celle de sa patrie, cette patrie l’ou¬

207 897 1012 73 blioit peu à peu; et la philosophie de Hobbes, qu’il

208 965 1007 63 avoit foudroyée avec tant de force, reprise en sous¬

208 1023 1012 71 œuvre et développée par Locke, transportée d’An¬

211 1087 1001 59 gleterre en France par Voltaire et Condillac, s’y

210 1147 1007 68 répandit rapidement, et en moins d’un quart de

210 1207 1006 68 siècle substitua à un système sérieux et profond ce

208 1267 1014 71 système frivole et mesquin qui, pour réduire l’in¬

208 1331 1007 65 telligence humaine à la sensation, lui enlève ses

210 1389 1003 74 plus hautes et ses plus nobles facultés. Chose éton¬

210 1453 1005 64 nante! nulle discussion ne fut instituée; nul ne se

210 1516 1003 68 présenta ni pour ni contre Descartes. Depuis 1724

208 1571 1005 71 il n’a été fait aucune édition de Descartes; on n’a

211 1637 1005 67 pas même réimprimé un seul de ses ouvrages. Le

210 1699 1006 66 Discours sur la méthode, si étincelant de style, de

210 1758 1005 69 verve et d’originalité, n’arrêta les regards d’aucun

208 1822 1011 62 bel esprit du temps. Les Méditations, et toute cette

207 1875 1008 72 belle polémique contre Hobbes et Gassendi, qui

207 1937 1008 68 même aux esprits les plus inattentifs auroit mon¬

210 2001 1005 91 tré les vices et les lacunes de la nouvelle théorie,
