1656 2424
285 185 1175 66 Lille, Serieys est bien placé pour prélever dans ce dernier divers

284 234 1175 62 ouvrages de qualité au bénéfice de sa nouvelle collection : c’est

284 278 1175 62 pour cette raison que l’on trouve par exemple des reliures aux

281 321 1174 66 armes des Condé à la réserve de la bibliothèque de la Sorbonne.

282 405 1175 67 La bibliothèque, qui a déjà changé plusieurs fois de nom depuis le

281 455 1172 63 début de la Révolution, connaît encore plusieurs dénominations.

281 498 1175 60 Du fait de la transformation de l’Institut des boursiers en Pryta¬

281 544 1175 63 née français en 1798, elle devient bibliothèque du Prytanée. En

280 587 1177 64 raison de la création des lycées en 1802, elle devient bibliothèque

278 632 1178 60 des lycées de Paris, Avec la création de l’Université impériale, elle

278 677 1178 63 prend enfin le nom de bibliothèque de l’Université de France en

281 723 1174 63 1808. Pendant cette période, il faut signaler deux prélèvements

277 767 1175 58 importants opérés dans la collection : le premier en 1802 (plu¬

277 817 1174 54 sieurs milliers d’ouvrages) au bénéfice de la bibliothèque du Pre¬

276 853 1175 65 mier consul à Saint-Cloud; le second en 1804-1805 (1 700 volu¬

277 899 1066 63 mes) au bénéfice de celle de l’Ecole militaire de Saint-Cyr.

274 984 1174 62 Avec la nomination d’un nouveau bibliothécaire en 1804, le philo¬

274 1036 1175 57 sophe Pierre Laromiguière, qui resta en poste jusqu’à sa mort en

276 1078 1173 59 1837, la bibliothèque retrouve une certaine stabilité. Il ne semble

273 1123 1175 53 pas toutefois que le niveau d’activité de la bibliothèque ait été con¬

273 1163 1174 59 sidérable. En 1822, l’effectif du personnel était toujours de qua¬

270 1210 1175 59 tre : un conservateur, un conservateur-adjoint, un employé, un

272 1257 1173 54 garçon. Le principal événement de la gestion de Pierre Laromi¬

272 1299 1175 58 guière se situe en 1823. Cette année-là, en effet, la bibliothèque

270 1342 1177 59 quitte définitivement la rue Saint-Jacques, emportant avec elle

270 1395 1174 58 son mobilier, pour s’installer dans l’ancienne Sorbonne, nouveau

269 1430 373 60 siège de l’université.

603 1576 504 62 LA BIBLIOTHÈQUE

361 1628 986 72 DE L’ANCIENNE SORBONNE (1823-1897)

264 1742 208 47 Les locaux

262 1826 1178 67 Dans l’ancienne Sorbonne construite au XVIIe siècle à l’initiative

261 1874 1178 58 du cardinal de Richelieu par l’architecte Lemercier, la bibliothè¬

261 1919 1179 59 que de l’université occupe, au quatrième étage, une partie du côté

261 1960 1178 61 longeant la rue de la Sorbonne (aile ouest) et l’essentiel de l’aile

261 2006 1178 62 faisant face à l’église (aile nord). Les locaux situés le long de la rue

261 2049 1175 61 de la Sorbonne sont constitués de petites pièces, étroites, mal

260 2098 1177 55 éclairées et mal reliées entre elles. Celles-ci font en quelque sorte

260 2142 1176 58 fonction de magasins d’ouvrages. Dans l’aile nord se trouvent les

260 2182 1176 64 deux salles de lecture. Sous la pression des nouveaux livres, la

258 2224 1175 88 bibliothèque s’agrandit peu à peu et récupère notamment la quasi¬
