1656 2424
260 177 1175 53 ter à domicile. On y trouve également des indications qui expri¬

260 219 1176 58 ment bien la mentalité de l’époque, même si elles prêtent à sourire

260 269 1175 55 aujourd’hui : “les ouvrages de littérature légère ou frivole, les

260 309 1175 55 romans, etc., ne sont point communiqués, à moins que ce ne soit

258 355 1174 61 pour un travail littéraire ou historique, cas dont est juge le conser¬

260 395 156 53 vateur".

254 557 468 55 L’administration Le Bas.

254 661 1176 63 L’arrivée de Philippe Le Bas à la tête de l’établissement en tant

254 713 1176 55 que conservateur-adjoint en 1844 puis comme administrateur en

258 752 1172 58 1846 constitue à coup sûr un moment déterminant, au point que

254 798 1175 61 l’on peut presque considérer son “époque" (1844-1860) comme

251 843 1177 55 celle d’une seconde fondation de la bibliothèque. Ancien précep¬

251 886 1178 59 teur de celui qui devint par la suite Napoléon III, grand hellé¬

251 935 1177 53 niste, membre de l’Institut comme la plupart de ses prédécesseurs

251 974 1175 56 depuis Laromiguière et de ses successeurs jusqu’à Emile Chate¬

250 1018 1176 59 lain, il déploya beaucoup d’énergie pour le plus grand bien de la

249 1063 1176 61 collection dont il avait la charge, l’orientant de façon désormais

249 1105 758 59 irréversible du côté de la haute érudition.

249 1193 1169 62 Durant son bref mandat de conservateur-adjoint (1844-1846).

249 1240 1172 54 Philippe Le Bas engagea une réforme décisive. Il établit un nou¬

249 1286 1173 55 veau cadre de classement, dont il reste encore aujourd’hui plus

247 1333 1174 52 que des traces dans le fonds de la bibliothèque de la Sorbonne.

246 1376 1176 56 L’énorme travail alors entrepris déboucha sur la constitution d’un

247 1422 1174 55 vaste tableau systématique par cotes qui, avec en regard les don¬

245 1458 1176 61 nées statistiques par volumes, donne la plus juste représentation

243 1501 570 55 de la collection à cette époque.

243 1589 1177 64 La désignation de Philippe Le Bas comme administrateur le 20

242 1638 1176 54 novembre 1846, coïncide avec un nouveau changement de la déno¬

241 1680 1179 59 mination de l’établissement qui s’appelle désormais bibliothèque

239 1725 1181 60 de l’Académie de Paris ou bibliothèque de la Sorbonne. Au même

239 1770 1179 58 moment, un élargissement des horaires est décidé : la bibliothèque

239 1816 1177 57 est ouverte tous les jours, sauf les dimanches et jours fériés et non

239 1858 1177 58 plus seulement trois jours par semaine. Au début de 1847, elle est

239 1902 1175 57 réorganisée en cinq départements qui correspondent aux principa¬

239 1945 1171 64 les rubriques de la nouvelle classification : théologie ; sciences;

238 1987 1176 62 littérature ancienne et moderne; histoire ; manuscrits, incuna¬

238 2032 1176 60 bles, estampes et cartes géographiques. Le personnel comprenait

235 2081 1175 60 alors dix agents fixes (un administrateur, un conservateur-adjoint,

235 2119 1174 67 deux bibliothécaires, deux sous-bibliothécaires, deux employés,

235 2164 1175 66 deux surveillants, un homme de peine et un secrétaire-trésorier

260 2205 570 70 (ayant rang de bibliothécaire").
