1656 2424
218 183 1172 48 totalité du quatrième niveau de l’aile ouest. En 1857, elle obtient

216 228 1174 50 l’affectation de l’ancien appartement du tristement célèbre Libri,

216 266 1174 59 alors en fuite. Puis, à partir de 1866, en même temps que la biblio¬

216 315 1177 51 thèque reçoit en don la volumineuse collection du défunt doyen de

218 355 1172 54 la faculté des lettres, Joseph-Victor Le Clerc, le ministre de l’Ins¬

218 399 1173 54 truction publique accepte de lui attribuer l’ancien appartement de

218 445 946 53 fonction de celui-ci, qui se trouvait lui être contigu.

218 527 1175 56 Peu avant la destruction de l’ancienne Sorbonne, Léo Claretie a

218 579 1176 47 évoqué dans L’Université moderne l’ambiance qui régnait dans la

219 624 1172 46 bibliothèque, dont il dresse un triste portrait : “Au dernier étage,

219 666 1175 57 on pousse une porte vitrée et l’on entre dans la chambre basse que

219 711 1175 56 soutiennent des madriers grossièrement équarris. Les rayons

218 755 1175 55 entourent les salles, à la portée des lecteurs, sans grillage ni bar¬

219 797 1174 56 rière [...). Les livres ont un air uniforme de bouquins, avec leur

220 844 1175 48 dos brisé, leur reliure en veau jauni et usé. On ne voit pas là

220 887 1175 57 dedans place pour un livre nouveau; sa reliure trop jeune jurerait

220 927 1174 57 parmi ces antiques ; le moderne y a l’air dépaysé d’un proscrit.

220 970 1174 54 Dans ce milieu vénérable, travaillent des jeunes gens sérieux, pen¬

220 1019 1175 50 chés sur les feuillets gras, le front plissé, vieillis par l’air ambiant.

225 1063 1170 54 I...1 Aux tables de la bibliothèque se pressent les étudiants, les étu¬

222 1105 1175 57 diantes et aussi les petits collégiens qui viennent hâtivement pren¬

222 1151 1173 52 dre la traduction de la version dictée en classe. Des gardiens à l’air

222 1198 1173 47 doux vont chercher les ouvrages que les lecteurs réclament.

225 1241 1071 54 L’ornementation des salles est d’une simplicité misérable".

225 1368 768 59 De Pierre Laromiguière à Joseph Planche

226 1459 1176 54 Les vingt années qui suivent le déménagement de 1823 ne se carac¬

226 1505 1175 47 térisent pas par une activité beaucoup plus soutenue qu’aupara¬

227 1541 1175 56 vant. On doit noter toutefois la fusion, en 1823, de la bibliothèque

226 1590 1176 52 de l’université et de celle de l’Ecole normale puis leur séparation

225 1634 1177 52 en 1832, plusieurs milliers de volumes étant alors prélevés dans la

226 1673 1176 61 collection au bénéfice de l’Ecole normale. Peu de temps après, un

227 1725 1174 53 nouveau catalogue topographique sur registres fut entrepris.

227 1766 1175 53 Après le décès de Pierre Laromiguière, trois conservateurs se suc¬

226 1807 1176 54 cédèrent à un rythme rapide entre 1837 et 1846 à la tête de l’éta¬

227 1850 1177 56 blissement : Théodore Jouffroy, Jean-Louis Burnouf et Joseph

229 1896 1176 56 Planche. Considérant leur poste comme une sinécure — chose

229 1947 1176 52 courante à l’époque — ils n’ont guère marqué de leur empreinte la

229 1983 1175 61 bibliothèque. C’est au cours du mandat de Jean-Louis Burnouf

227 2034 1175 53 cependant que fut arrêté, par le ministre de l’Instruction publique,

229 2071 1176 58 Abel-François Villemain, un nouveau règlement fixant les modali¬

229 2119 1176 63 tés de la communication et du prêt. Selon ce texte, les lecteurs doi¬

231 2169 1174 54 vent passer par l’intermédiaire du personnel pour avoir communi¬

229 2212 1176 67 cation des ouvrages et les professeurs seuls ont le droit d’emprun¬
