1896 2784
530 329 870 96 PRELIMINAIRE.

485 409 901 89 De-là le dévéloppement des pro¬

425 485 966 81 grès dans tous les Arts & dans tou¬

419 553 969 84 tes les Sciences, le détail curieux des

420 621 968 88 établissements sans nombre qui illus¬

420 702 968 75 trent cette Capitale, monuments

424 767 961 85 qui attestent l’essor heureux & varié

422 838 963 83 du génie Français dans tous les gen¬

422 909 958 82 res, son hommage pour la Religion,

420 971 963 77 l’état Militaire, la Justice, l’Educa¬

422 1047 960 80 tion publique, les Arts & le Com¬

420 1121 962 80 merce; enfin, ce goût délicat, ce

420 1187 960 81 charme de la nouveauté qui multi¬

424 1254 961 82 plie les chef-d’œuvres, l’attrait ainsi

428 1323 954 87 que le désespoir de la plupart des

424 1396 284 68 Etrangers.

482 1458 900 84 L’Artiste, déja connu par la lé¬

425 1531 960 82 gereté de son burin, suivant l’Histo¬

420 1610 960 74 rien pas à pas, anime les recits par

422 1676 957 76 toutes les ressources de la gravure.

420 1741 960 79 L’idée de faire marcher de front la

425 1817 950 76 plume & le burin dans notre His¬

425 1891 949 74 toire, est un projet des plus satis¬

422 1956 953 82 faisans pour l’Etranger & pour le

424 2026 955 79 Français lui-même, sur-tout à l’é¬

431 2092 952 102 gard de l’Histoire de la Capitale. Le
