1896 2784
507 391 837 99 PRÉLIMINAIRE.

385 468 963 85 & variée, mais sans profondeur. Ce

383 541 958 88 ne sera pas même l’Histoire de Paris

382 609 964 93 & de la France, telle qu’elle a paru

377 682 961 88 sous la plume de plusieurs excellents

374 751 966 90 Ecrivains, où les guerres, les démê¬

374 822 964 87 lés, les négociations de nos Princes

373 897 964 78 avec les Puissances voisines, for¬

369 965 969 85 mant le principal tableau, ont relé¬

374 1036 957 86 gué, pour ainsi dire, dans les om¬

369 1102 954 90 bres, les progrès de la Nation,

360 1173 966 85 l’existence, les accroissements & les

360 1243 969 90 embellissements de la Capitale; plan

359 1317 953 82 majestueux, sans doute, mais qui,

355 1390 972 74 manquant de détails importans, es¬

354 1453 963 82 sentiels même, ne peut remplir

352 1525 302 64 notre but.

422 1588 890 85 Dans l’Histoire descriptive de Pa¬

351 1668 964 75 ris que nous écrivons, nous parlons

349 1735 963 82 à l’esprit & aux yeux, avantage pré¬

349 1809 961 76 cieux, inestimable, & qu’aucun Ecri¬

352 1880 958 78 vain ne peut encore nous disputer.

410 1942 894 84 L’Historien, fidele à sa marche,

348 2016 962 81 suppose le travail de ceux qui l’ont

349 2088 961 91 précédé dans la carriere de l’His¬
