1896 2784
749 352 509 79 DISCOURS

464 433 969 78 toire, & qui ont fait connaître en

468 504 957 79 grand, le génie, les vertus & les

467 569 953 82 passions des Chefs de cette Mo¬

467 644 961 76 narchie, ainsi que les intérêts de la

465 714 962 77 Nation, dans ses rapports avec les

468 787 966 66 autres Nations, ses ennemies ou ses

467 849 964 79 alliées. Il lui reste une tâche assez

475 923 956 79 glorieuse, s’il peut se flatter de la

472 996 961 71 remplir avec succès; celle de mon¬

473 1071 963 68 trer Paris, cette patrie commune des

473 1141 961 68 Français, comme un centre de mou¬

476 1212 958 67 vement & de vie, pour toutes les

473 1274 964 76 Provinces de la France, comme le

475 1344 962 74 foyer de la plupart des révolutions

475 1415 961 72 qui ont agité la Monarchie, comme

475 1484 964 68 exerçant sur les Provinces & les

481 1548 956 79 Villes du Royaume un empire d’o¬

479 1622 958 77 pinion, en leur faisant adopter ses

484 1695 955 75 goûts, copier ses usages, imiter ses

478 1763 961 66 établissements, comme seule en pos¬

478 1834 958 73 session de leur imprimer le caractere

478 1905 959 76 Français, empire peu différent de

481 1979 958 70 celui que l’ancienne Rome s’était

479 2049 958 82 donné sur les Nations qui lui étaient

481 2117 252 77 soumises.
