1496 2416
53 177 895 98 Car de-vray, quel grand tas, quelle diuerfité

22 252 873 92 D'obiects à ma douleur voy-ie icy espandue?

22 326 873 88 L'abondance me nuit, & mon ame esperdue

21 391 764 94 Se perd dans l’infiny de tes perfections,

24 463 760 94 Si i'ose tant soit peu toucher tes actions

25 528 1031 100 Ton haut sang, ou tes meurs, ô Phœnix de nostre âge,

24 599 1000 98 Mon cœur sera sans poux, ma bouche sans langage,

22 675 974 87 Et mon poulmon sans voix, car mon entendement

24 747 938 86 Ne peut porter le faix d’vn si riche argument.

55 809 965 98 C’est pourquoy ie ne veux renouueller l’histoire

26 885 973 89 Detes Ancestres grands, qui excedans en gloire

28 946 1066 100 Tous Princes de leur temps, par leurs guerriers explois

24 1025 885 87 Ez champs Idumeans ont replanté la Croix,

25 1092 833 95 Et fracassans l’effort des Infideles Princes

26 1162 946 90 Ont reduit à la foy maintes grandes Prouinces:

28 1230 846 98 Il ne te suffit donc seulement d’estre extrait.

26 1301 893 97 Par sang de tant d’Heros, mais ta vie en effet

26 1377 846 84 Monstre que leur vertu te fut hereditaire:

26 1440 954 92 Comme eux tu as battu le Scythique aduersaire,

32 1518 1039 91 Comme eux tu as le nom d’vn grand guerrier acquis,

28 1594 832 81 Comme eux tu as pieça vn pays reconquis,

28 1644 944 103 Comme eux tu as rendu nostre Camp redoutable

26 1722 942 95 Contre le grand effort du Turc espouuantable,

25 1793 967 96 Si qu'estant nostre appuy, & du Scythe l’effroy,

24 1865 788 91 On te doit appeller le second Godefroy.

44 1942 685 87 Aussi de pieté la salutaire flame,

26 2003 991 93 Sainctement eschauffoit tes membres & ton ame,

25 2077 889 92 Et de si beaus effets causoit l’aduancement,

30 2147 907 101 »Car bien que le guerrier excelle esgalement
