1496 2416
239 181 914 88 En sagesse & valeur, sur qualités si belles

237 260 974 74 Il ne peut toutesfois des palmes immortelles

283 331 992 74 Sur-maçonner l’honneur,s’il n'a au cœur plante

237 399 858 81 ,Pour ferme fondement le roc de pieté:

235 472 913 74 Ceux, qui de-prés ont veu l’action de ta vie

233 540 872 76 N’ont-ilz pas remarqué de ton ame rauie

232 612 873 75 L'Entousiasme vif, les beaus enleuemens,

233 683 1046 78 Les rauissans discours, & les saincts mouuemens?

232 752 975 76 N’ont-ilZ pas recognu par maint acte notable

232 822 1006 77 Rien ne t’estre plus doux, plaisant, & delectable

236 893 994 78 Que quand, libre du-tout des soins de ce bas lieu,

233 962 1064 78 Ou DIEV parloit à toy, ou tu parlois à DIEV ?

229 1034 878 78 Ie t’ay veu quelques fois épris de la lecture

228 1104 853 75 D'vn Poëme deuot, sentir telle pointure

228 1174 866 72 De l’eguillon diuin, que de soupirs ardans

228 1242 940 80 Ta bouche resonnoit, & les pleurs abondans

226 1316 989 79 Decouloient de tes yeux, si-qu'vn Zele supreme

228 1389 1096 79 Faisoit vn doux transport de toy hors de toy-mesme:

229 1458 845 70 Pour donc ne te priuer de ton los merité

230 1524 849 78 Tu seras entre nous DAVID en pieté.

290 1598 894 79 Et affin-qu’indiscret à tout vent qui se leue

226 1668 915 72 Sur mon triste discours, les voiles ien esleue

222 1738 932 78 De mon voguant vaisseau, ie ne veux enfiler

218 1809 946 82 Au rang de mes propos ton excellent parler,

222 1879 919 75 Ton eloquence extreme, & ta rare faconde,

218 1947 1018 77 Dont l’ornement diuers estonnoit tout le monde,

218 2018 1018 82 Et par le doux Aymant de ses accens vainqueurs

220 2087 944 92 Toute oreille perçeoit pour derober les cœurs,

1224 2154 212 78 Te rendant
