1496 2416
222 120 990 84 A ce guerrier veinqueur, affin qu'en l’vniuers

228 190 906 86 Son renom fut porté par l’aisle de mes vers.

291 257 941 83 Mais comme ie taschoy de buriner sa gloire

225 331 1027 78 Dans l’immortel Airain du temple de Memoire,

230 402 1052 81 Voicy, le PRINCE meurt, & les fieureux acces

228 472 831 83 Sur le fatal retour procurans son decés

230 543 1016 85 Ont par vn mesme coup rompu mon entreprinse,

229 606 1034 95 Esteint l’heur de l’Europe, & l’espoir de l’Eglise.

291 680 841 87 O funeste accident! ô desastre obstiné!

232 754 815 79 O extreme mal-heur! ô cas infortuné!

232 824 843 77 O dommage infiny, ô perte irreparable!

232 891 905 87 O estrange meschef, ô trespas desplorable!

298 962 984 82 Ha!le Soleil, l’effroy, le bon-heur, le rampart,

229 1032 1034 79 Des valeureux, du Turc, des armes, du Soudart,

229 1100 933 85 Par ce desastre perd, met-bas, abbat, delaisse,

228 1171 906 83 Sa clarté, sa terreur, son effet, sa hautesse!

295 1246 952 78 Pour doncques publier ton regret vehement,

229 1312 1013 85 Change en robe de dueil ton ioyeux vestement,

232 1381 951 90 O Muse, mon doux soin, & sur ta cheuelure

229 1457 794 79 Enlace du Cyprés la funebre parure,

233 1523 948 84 Ou-bien pour ta complainte à la cause esgaler

232 1595 824 80 Emprunte de Dido le doloreux parler,

230 1661 978 85 D’Hecube les sanglos, les plaintes de Narcisse,

230 1732 977 82 Les larmes de Biblys, &t les regrets d’Vlysse:

230 1805 1119 79 Mais non, mon cher honneur, non-non, ne tache-point

232 1872 1093 87 La grandeur de ton dueil rendre esgale en-tout-point

230 1946 1004 80 A la grandeur dumal, car la perte est extreme

237 2010 1060 94 Immense, incomparable, & le dueil de soy-mesme,

253 2085 891 93 Comme effect, ne peut-pas toucher l’esgalité:
