994 1496
192 203 650 38 Un Etat en forme d’équerre est exposé aux attaques

189 232 652 40 convergentes et à la dislocation ; un Etat à peu près

188 267 651 34 rond est celui dont les frontières sont les moins éten-

188 296 652 42 dues et les plus faciles à défendre. C’est celui où la

188 329 388 40 circulation paraît le plus facile.

217 367 620 40 Mais le relief du sol mérite aussi considération.

190 402 650 40 Nous avons ici des montagnes, des collines, et aussi

189 436 650 40 une très grande étendue de plaines. D’une façon

188 470 650 38 générale, les plaines sont à l’est et au sud, les mon¬

188 503 649 38 tagnes à l’ouest et au nord. Cependant l’arc des Car¬

188 534 650 37 pates a plutôt une situation centrale, situation qui

188 566 650 38 peut paraître désavantageuse. On préfèrerait les voir

188 598 649 37 se dresser aux frontières, qu’elles défendraient, qu’en

188 632 649 35 travers des voies de communication ! Il faut y regar-

187 667 650 36 der de plus près pour s’apercevoir du vrai rôle joué

187 694 453 44 par les Carpates dans l’Etat roumain.

217 769 622 42 Notez d’abord le grand nombre de rivières qui tra¬

188 803 649 41 versent ces montagnes : Buzeu, Olt, Jiu, sans comp-

188 838 649 37 ter le Danube qui s’insinue par le défilé des Portes

187 870 485 36 de Fer entre les Carpates et les Balkans.

206 906 625 41 Ces percées sont souvent des gorges tout à fait sau

188 943 648 38 vages, comme le Surduc, dont nous allons voir des

187 977 650 36 vues, où la route s’accroche aux versants raides

187 1006 650 38 striés de coulées de pierres ; ou celle de la Cerna

186 1037 651 37 au dessus des Bains d’Hercule, si pittoresque, avec

188 1071 649 36 ses escarpements calcaires surgissant du manteau de

186 1103 655 34 la forêt, où les teintes sombres des pins d’Autriche

186 1136 648 36 font tache sur la verdure claire des hêtres. Il en est,

185 1168 652 37 au contraire, où la vallée s’élargit en un bassin, centre

186 1200 649 35 de peuplement ancien, lieu de petits hameaux égre-

185 1231 650 46 nant leurs maisons dans les prés et les vergers ; c’est
