1363 2041
318 309 857 44 problèmes non résolus, il semble qu’elle conviendrait à un pays

320 346 854 51 suffisamment étudié à tous les points de vue par des spécialistes.

319 387 304 43 Existe-t-il pareil pays ?

348 424 829 43 Certains auteurs sentant l’avantage de chacune des deux mé¬

319 467 858 43 thodes les ont employées successivement, partageant leur ouvrage

318 509 857 39 en une partie générale conçue sur le plan analytique et une partie

318 539 857 44 chorographique conçue sur le plan synthétique. On arrive ainsi

318 578 856 43 à refaire deux fois le même tableau. Ce n’est pas résoudre la

319 617 126 41 question.

346 657 829 42 La difficulté est d’autant plus grande que la région envisagée

319 698 856 40 est plus complexe et que son étude soulève plus de problèmes

318 734 857 43 différents. Il est plus aisé de faire rentrer dans un cadre, quel qu’il

319 773 855 46 soit, un nombre de faits limité, qu’un grand nombre de questions

318 815 857 38 touchant les unes aux sciences physiques et naturelles, les autres

318 849 857 44 aux sciences politiques et historiques. Certaines régions de plaine

319 887 855 46 s’accommoderont aussi bien d’une méthode que de l’autre, si

318 925 857 46 l’auteur sait choisir celle qui convient le mieux à sa nature d’esprit

319 966 407 46 et en faire un emploi judicieux.

346 1002 829 44 En prenant comme sujet d’étude la Valachie, nous avons eu

319 1042 856 44 conscience de nous attaquer, au contraire, à un des pays pour

319 1079 858 44 lesquels se pose le plus nettement le problème de la méthode

320 1118 854 44 d’exposition géographique. La présence de hautes montagnes y

322 1156 856 49 soulève tout un monde de questions physiques spéciales ; avec le

320 1195 857 42 bas Danube et ses solitudes marécageuses, avec la plaine et les

319 1232 858 48 collines, se présentent d’autres problèmes physiques et écono¬

320 1271 857 46 miques. Pays neuf, en train d’entrer dans la civilisation euro-

317 1310 860 44 péenne, la Valachie est statistiquement assez bien connue pour

318 1347 859 51 qu’on puisse essayer d’y appliquer les méthodes de l’anthropo¬

320 1385 855 50 géographie scientifique aux questions de la répartition de la

318 1423 856 46 population, à l’étude de la vie agricole intense et de l’industrie

318 1460 857 48 naissante ; mais d’autre part elle a encore assez gardé l’empreinte

323 1496 855 55 d’un passé primitif pour qu’il soit nécessaire d’en analyser l’eth¬

322 1536 856 49 nographie et de fixer les traits originaux de la vie du peuple, en

324 1577 682 50 s’aidant du matériel rassemblé par les folkloristes...

352 1614 825 50 En présence de problèmes d’ordre aussi divers, on peut se

322 1653 855 60 demander si tous sont réellement des problèmes géographiques.
