1346 2042
350 306 851 47 peuples primitifs. La seule règle générale qu’on puisse admettre,

350 351 855 39 c’est la proscription du cadre stéréotypé dans lequel on veut par¬

349 387 599 44 fois faire rentrer les pays les plus différents.

377 427 829 42 Il s’agit de découvrir pour chaque région le plan le plus propre

349 470 856 37 à mettre en lumière ses caractères distinctifs, à appeler l’atten¬

349 505 857 46 tion sur les problèmes principaux que soulève son étude. Ce plan

351 544 855 44 sera généralement une combinaison des méthodes synthétique et

351 583 854 46 analytique, qui pourra présenter les variétés les plus grandes, à

350 622 853 45 condition de rester fidèle à l’esprit de la géographie régionale,

352 661 849 40 dont le but est de rendre la vie d’un pays et dont le programme,

350 698 715 43 on ne doit pas l’oublier, doit être décrire et expliquer.

379 739 824 43 Il serait aussi dangereux de proscrire l’élément pittoresque,

350 778 856 47 que de méconnaître le parti qu’on peut tirer des principes scien¬

350 819 857 44 tifiques pour éclairer les rapports des phénomènes entre eux. La

349 859 858 38 description géographique se distinguera toujours de la description

349 892 857 45 purement littéraire, en ce qu’elle tend à appeler l’attention sur les

349 935 858 38 traits caractéristiques de la physionomie d’un pays, en montrant

350 969 857 45 les contrastes avec les pays voisins, de façon à faire naître natu¬

349 1006 858 50 rellement le désir de saisir la cause de ces contrastes et au besoin

350 1050 312 43 de la faire soupçonner.

381 1087 827 44 On a plus d’une fois insisté sur l’intérêt que présente le rappro¬

350 1128 857 46 chement de la géographie générale et de la géographie régionale

350 1168 857 42 et sur les avantages de la pénétration de l’une par l’autre; on

349 1208 858 42 n’a peut-être pas assez marqué la différence radicale de leur

351 1246 856 43 méthode, et il y aurait danger à l’oublier. Si toutes les branches

350 1290 857 40 de la géographie générale peuvent et doivent être envisagées

349 1327 858 45 comme de pures sciences, on n’en saurait dire autant de la géo¬

351 1367 853 46 graphie régionale. Par la complexité des faits qu’elle envisage,

351 1404 857 44 par son objet, qui est de rendre la vie elle-même, par les difficultés

351 1444 857 43 à peu près insolubles qu’elle offre dans l’exposition, elle exige de

351 1482 857 44 celui qui veut s’y essayer plus que l’esprit scientifique, un peu de

350 1522 858 44 cet esprit de finesse dont parlait Pascal. Elle veut dans l’exécution

352 1565 352 45 un certain sentiment d’art.

381 1604 827 50 Combien l’œuvre que nous présentons est inférieure à cette con¬

352 1648 855 51 ception, nul n’en a conscience plus que nous. La variété et la
