1346 2041
219 301 829 55 Nous touchons ici à une question aussi délicate que la première

193 340 855 59 et intimement liée à elle. De la manière d’y répondre découle toute

191 380 857 62 la conception de la géographie. Des maîtres éminents ont plus

191 422 856 57 d’une fois senti le besoin de s’expliquer là-dessus. S’il est un prin¬

193 461 855 58 cipe qui semble se dégager de leurs doctrines, c’est bien qu’on ne

192 502 854 55 saurait poser de bornes au domaine des investigations géogra¬

190 540 857 54 phiques. Dire tel fait est géographique, tel autre ne l’est pas, nous

191 582 857 54 paraît toujours difficile, souvent dangereux. Croire encore que

192 622 855 49 les sciences peuvent être considérées comme ayant chacune un

191 662 856 48 objet distinct, est une conception qui n’est plus en harmonie avec

192 701 855 54 les progrès de la pensée moderne. C’est par leur méthode que les

191 740 856 54 sciences se différencient. C’est par sa méthode que le géographe

191 780 855 53 doit se signaler en étudiant des faits qui peuvent intéresser aussi

192 818 852 58 le géologue, le botaniste, le zoologue, l’économiste, le statisticien,

192 853 185 57 l’ethnographe.

218 904 826 50 Si cette méthode n’est peut-être pas encore suffisamment définie,

197 943 847 53 deux de ses points les plus importants semblent déjà assez nette¬

192 983 855 51 ment dégagés : aucun fait n’est étudié pour lui-même, comme le

192 1022 853 55 fait un géologue ou un statisticien, mais comme partie d’un tout,

191 1065 857 49 rouage d’une grande machine, anneau dans la chaîne des causes

193 1107 855 48 êt des effets qui règlent la vie d’une région; aucun fait n’est étudié

191 1146 859 49 comme phénomène physique, économique ou politique, mais

192 1184 856 51 comme type d’une série de formes de vie physique, économique

192 1223 856 52 ou politique, dont on cherche à préciser l’extension géographique

193 1260 461 53 en tâchant d’en démêler les causes.

221 1309 827 49 L’application de ce double principe permet de donner une forme

195 1348 857 51 géographique à l’exposé des problèmes les plus divers. Il ne résout

193 1389 658 53 pas encore la question du plan général à adopter.

222 1434 829 51 Selon nous, la question est de celles qui ne comportent pas de

196 1474 855 53 solution précise. La même méthode ne peut être appliquée à tous

196 1516 855 51 les pays. On ne trouve pas partout les mêmes problèmes ni les

195 1556 856 50 mêmes difficultés. Une région de haute montagne ne saurait évi¬

197 1595 850 53 demment être étudiée de la même façon qu’une région de plaine,

197 1637 853 59 une contrée de vieille civilisation comme un pays habité par des
