925 1375
173 189 622 37 vées, indiquées par le relief ; et ces routes ont déterminé

172 218 622 35 l’emplacement de villes établies près de leurs débouchés

172 249 621 32 dans les plaines; suivant les circonstances politiques et

172 281 622 35 économiques, leur importance a varié avec celle de ces

174 310 620 32 villes; des liens étroits se sont ainsi établis entre les

171 336 622 39 passages des Alpes, Genèvre, Cenis, Simplon, Maloïa,

172 365 619 38 Brenner, et les villes subalpines, Chambéry, Genève,

170 393 621 34 Berne, Augsbourg, Munich, Turin, Milan, etc. Ces liens

171 423 619 41 allaient jusqu’à des centres aussi éloignés que Lyon,

172 453 323 33 Nuremberg, et Venise même.

193 481 598 35 Le commerce avait pénétré déjà dans l’intérieur des

170 511 621 36 Alpes avant que l’attrait irrésistible du Midi sur les

171 545 619 34 gens du Nord y ait fait trouver des passages transver-

168 571 623 34 saux. Bien avant les Romains, le sel du Salzkammergut

169 601 621 35 trouvait le chemin de la Bohême; le fer de Hallstadt

168 632 622 37 était exploité. L’homme est allé chercher l’or sous le

168 660 410 34 front même des glaciers des Tauern.

192 689 598 34 Les Alpes ont attiré par les difficultés mêmes de leur

167 718 621 39 accès; leurs hautes vallées ont joué le rôle de refuge.

169 748 619 36 Une fois vaincus les obstacles naturels pour y arriver,

166 777 622 34 l’homme s’y est créé une existence adaptée au milieu,

166 807 622 37 à l’abri des dangers qui menaçaient, dans les temps trou-

167 836 621 38 blés du moyen âge, l’habitant des pays plus fertiles.

167 867 621 34 Peu à peu un véritable surpeuplement est apparu,

167 895 622 37 tandis que la sécurité renaissait dans les plaines. Alors

166 929 622 34 on a vu se dessiner un peu partout des mouvements

166 955 622 37 d’émigration saisonnale, vers les campagnes agricoles

165 984 623 37 et les villes, créant de nouveaux liens entre la montagne

165 1015 623 36 et les régions voisines. Cette émigration s’est développée

167 1044 619 33 jusqu’à entraîner les montagnards au delà des mers;

165 1074 622 35 on a vu la mercerie monopolisée à Mexico par les gens

165 1103 621 35 de Barcelonnette. L’horizon des Alpes dépassait l’Europe.

188 1135 598 31 L’ère des chemins de fer devait resserrer encore les

165 1161 620 40 liens de la montagne avec les plaines. Partout l’émigra-

165 1193 619 40 tion se développe, à la faveur des communications rapi¬

424 149 120 32 LES ALPES
