936 1379
392 162 168 26 INTRODUCTION

164 194 617 48 Nord ; en sorte que de hautes pressions barométriques

163 225 617 44 règnent souvent sur l’Europe centrale, avec un temps

162 254 618 47 clair et froid en hiver. Après les études des météorolo¬

162 283 619 42 gistes scandinaves, montrant l’influence du relief sur

161 312 619 46 le mouvement de l’air dans les dépressions barométri¬

162 343 617 44 ques, il n’y a plus le moindre doute que la masse des

163 371 616 48 Alpes gêne la propagation des cyclônes et contribue

161 399 618 46 à maintenir les hautes pressions, auxquelles Munich et

162 428 617 46 Berne doivent leurs hivers brumeux et froids, et Milan

161 457 618 47 même, son climat si différent de celui de la Riviera

162 484 91 37 gênoise.

186 513 592 50 Le rôle des Alpes n’est pas moins important dans les

161 544 618 49 questions de géographie humaine que dans celles de

162 573 616 45 géographie physique. Ce n’est pas seulement un rôle

160 602 618 48 de barrière, facile à comprendre. On s’attend à ce que les

161 632 617 46 hauts reliefs fassent obstacle aux communications, arrê¬

162 663 616 46 tent les mouvements de peuples, détournent les routes

160 697 618 43 commerciales, limitent les sphères d’influence écono¬

162 720 616 49 mique et politique, soient des lieux de frontières. En

161 753 617 48 fait, les limites des trois grands groupes linguistiques de

160 783 618 47 l’Europe, le latin, le germanique et le slave, se rencon¬

162 813 617 45 trent dans les Alpes. Mais les frontières politiques ont

162 843 616 46 toujours tendu à enjamber la masse montagneuse;

162 874 616 45 des états se sont formés, centrés précisément sur la

162 903 616 46 montagne, la Savoie jadis, la Suisse aujourd’hui encore.

163 932 616 44 Si des contrastes sensibles existent entre les plaines

163 961 615 44 bordant les Alpes au Nord et au Sud, ces contrastes

162 992 616 44 ont été précisément une attraction pour les hommes, les

162 1020 617 44 invitant à franchir par les chemins les plus courts un

162 1050 617 42 relief difficile, mais trop long à tourner. Les Alpes se

163 1080 616 45 trouvent placées en travers des communications entre

164 1109 615 42 l’Europe occidentale et septentrionale et le monde médi¬

163 1139 616 43 terranéen. Dès que ces deux mondes si différents sont

163 1169 616 42 entrés en contact, elles sont apparues comme un obstacle

163 1199 615 44 irritant, mais non invincible. Des routes ont été trou¬
