938 1373
443 140 120 33 LES ALPES

215 174 594 48 Les Alpes méritent l’intérêt qui leur est témoigné

190 210 616 44 par les savants, la prédilection qui leur attache les tou¬

190 237 74 29 ristes.

213 263 592 45 Leur importance géographique ne doit pas être mesu¬

187 293 618 44 rée à leurs dimensions. Avec ses 4 810 m. le Mont Blanc

188 324 616 45 reste de 4 000 m. au-dessous des géants de l’Asie. La

186 353 618 46 plus grande largeur du bourrelet alpin est de 200 kilo-

185 385 617 44 mètres, sa longueur ne dépasse pas 1 200 kilomètres;

185 410 616 48 il tiendrait trois fois au moins dans l’Himalaya. Mais

183 440 617 47 il n’est guère de haute montagne aussi pénétrée par

183 469 616 45 l’homme, ni dont l’influence se fasse sentir aussi loin.

206 499 593 45 L’ombre des Alpes plane sur toute l’Europe centrale,

182 529 617 45 Les glaciers et les torrents, acharnés à détruire le relief

180 557 618 46 édifié par les plissements, ont étalé tout autour une cein-

180 588 617 46 ture de plaines caillouteuses presque aussi large que la

179 617 615 46 chaîne ; plaine du Pô, plateau Bavarois, collines Suisses,

178 649 618 42 couloir du Rhône, sont plus ou moins l’œuvre des riviè¬

177 677 618 45 res alpines quaternaires. Actuellement encore les plus

177 704 618 48 grands fleuves, Rhône, Pô, Rhin, Danube, prennent

177 733 618 47 leur source dans les Alpes ou en reçoivent la plus grande

177 766 617 44 partie de leurs eaux. La fonte des neiges éternelles et

176 794 617 45 des glaciers soutient en été le Rhin hollandais et se fait

174 826 462 40 sentir jusque près des bouches du Danube.

198 852 593 46 Les caractères du climat ne sont pas changés seule-

173 881 617 46 ment dans la montagne, plus froide à cause de son alti-

171 910 618 44 tude, plus humide à cause du mouvement ascendant de

170 939 619 47 l’air, qui détermine les condensations. Les nuages se

169 971 620 45 forment déjà sur les plaines subalpines, qui sont abon-

168 999 621 45 damment arrosées. Bien plus, c’est toute l’économie

167 1029 621 45 de l’atmosphère qui est bouleversée au-dessus de l’Eu-

166 1056 621 48 rope centrale par la surrection du bourrelet alpin. On a

166 1090 620 41 remarqué depuis longtemps que les dépressions baromé.

166 1115 619 48 triques, formant des tourbillons qui se déplacent vers

165 1145 619 47 l’Est en général, suivent des routes qui bifurquent soit

167 1175 616 50 vers la Méditerranée, soit vers la Baltique ou la Mer du
