1592 2480
767 60 39 80 8

92 129 1373 95 trois fameux Legislateurs Æacus, Minos & Rhada¬

92 212 1371 93 mante, que la Fable donne à ce Dieu pour juger avec

96 290 1369 90 lui, quelle place doivent avoir les Heros dans les

95 369 1368 92 Champs Elisées, & les criminels dans le noir Tartare.

93 447 1373 87 Il est dépeint avec son symbole ordinaire, & avec

95 529 1372 88 l’urne fatale dont les trois Juges tirent la decision du

93 604 665 83 sort de tous les mortels.

173 688 1296 89 Le corps de la Devise est une main qui tient un

99 767 1370 92 sceptre, d’où est suspenduë une balance, avec ces

97 852 1059 80 mots : Æquâ ponderat omnia lance.

180 921 1063 94 Il fait de l’équité la regle de ses loix.

176 1003 1301 86 Sur le bas-relief on voit Themis, ou la Déesse de

101 1082 1377 83 la Justice élevée sur un trône. D’une main elle leve

103 1161 1375 88 l’épée fulminante sur des criminels, & de l’autre elle

111 1246 925 78 presente des couronnes aux Heros.

157 1315 1323 91 La troisiéme qualité digne d’un Roy, est le zele à

104 1402 1373 84 exterminer le vice, l’impieté, & les autres mon¬

110 1478 1375 85 stres capables de desoler ses Etats. On l’exprime

110 1554 1373 89 par la figure ordinaire d’Hercule, qui seul entre les

110 1636 1374 86 Dieux fut destiné pour dompter les monstres qui ra¬

115 1713 1370 86 vageoient la terre. Il est armé de sa-massuë, & dans

114 1792 1374 88 le plus glorieux de ses travaux il tuë l’hidre à sept tê¬

115 1873 1376 87 tes, qui est la figure la plus ordinaire des monstres

118 1961 637 75 qu’on veut representer.

192 2023 1300 93 La Devise est un trophée chargé des dépouilles de

119 2108 1375 84 tous les monstres qu’Hercule a vaincus. On y voit

118 2176 1377 95 celles des deux serpens qu’il étrangla dés l’enfance,

118 2258 1381 89 du belier du mont Menale qu’il prit à la course, du

119 2336 1373 101 lion de Nemée qui lui servit desormais de parure,
