1592 2480
139 125 1373 94 du taureau furieux de l’Isle de Crete, du dragon

139 208 1373 90 du jardin des Hesperides, du monstre marin qui

141 287 841 76 vouloit devorer Hesione, &c.

190 366 1271 88 La Legende: Cui monstra domare triumphus.

141 445 1364 97 Son plus charmant triomphe est de dompter les

237 529 289 81 monstres.

197 597 1310 89 Dans le bas-relief on a peint la Déesse même de la

141 683 1368 85 Vertu, qui apparut autrefois à Hercule, & qui

128 760 1374 87 l’ayant engagé à la suivre, le soûtint dans ses travaux,

129 843 1376 81 & le fit triompher de tous les monstres qu’il eut à

126 921 1372 79 combattre. Elle paroît montée sur un cheval aîlé,

126 998 1379 83 tenant à la main gauche le miroir ardent en forme

125 1077 1376 77 de bouclier dont elle dévoile le vice & l’impieté; &

122 1153 1383 87 de l’autre main elle les perce avec le javelot dont elle

122 1238 284 75 est armée.

199 1310 1302 88 Enfin la quatriéme qualité necessaire à un grand

119 1390 1379 78 Roy, est le soin de faire fleurir le commerce. Il doit

119 1470 1379 84 étendre son empire jusques sur les mers, soûtenir la

117 1551 1378 80 navigation, former de nouvelles colonies, & mettre

114 1627 1387 85 sa gloire à enrichir ses sujets par un grand nombre de

114 1705 1380 84 vaisseaux, qui sous sa protection partent sans cesse de

113 1786 1379 82 ses ports, & y reviennent chargez des richesses des

117 1865 1373 85 pays les plus éloignez. On expose pour ce sujet la

111 1941 1388 81 figure de Neptune, dont la Fable a fait le Dieu de

108 2021 1391 84 la mer, & le maître des vaisseaux qui entretiennent

107 2094 1374 87 le commerce du monde. Il est dépeint dans la pos¬

107 2174 1385 88 ture que lui donnent les Poëtes, lors qu’il calme

106 2251 1389 95 les tempêtes, qu’il enferme les vents dans leurs

108 2329 1388 105 prisons, & qu’il rend les mers propres au transport
