1592 2480
114 135 1382 93 il ne combat que pour le salut de ses sujets, & il ne

117 214 1379 97 triomphe que pour leur bonheur. On represente

118 298 1376 91 cette superiorité de puissance par la figure de Jupi¬

118 380 1377 82 ter, à qui le ciel étoit tombé en partage. Il terrassa

118 457 1376 80 les geans, qui vouloient escalader le ciel même, &

119 535 1376 78 en les terrassant, il procura aux Dieux cette heureuse

118 615 1378 83 tranquilité dont ils joüissent dans son empire. Il

119 690 1376 88 paroît armé de la foudre, qu’il tient levée sur les

119 771 1373 84 geans abattus sous ses pieds; mais à son air serain &

113 851 1379 90 majestueux, on voit que sa victoire est le gage du

114 930 911 81 repos qu’il va donner à l’univers.

183 1005 1302 87 La Devise placée au-dessus de la figure, repre¬

110 1082 1378 90 sente la foudre, signal de la guerre, sur laquelle on

111 1161 1310 90 a posé un caducée, qui est le symbole de la paix.

180 1244 1100 84 La Legende: Orbem fulmine pacificat.

110 1315 1382 88 Il n’a la foudre en main, que pour calmer le monde,

177 1401 1304 82 Dans le bas-relief on voit Minerve, qui eut le plus

103 1474 1377 91 de part à la défaite des geans, & qui fut établie par

101 1556 1380 87 Jupiter son pere, pour presider aprés la guerre au

101 1631 1387 87 sage & paisible gouvernement des Etats Elle est traî¬

100 1711 1378 84 née sur un char à deux chevaux aîlez; d’une main

100 1788 1372 85 elle tient les rênes, & de l’autre un flambeau allumé,

100 1868 1373 88 & met le feu à un amas de boucliers, de cuirasses,

103 1955 485 71 & d’autres armes.

169 2022 1321 90 La seconde qualité d’un grand Roy, est l’amour de

96 2103 1389 91 la justice. Elle l’engage également à punir le vice, & à

96 2185 1382 86 recompenser la vertu. La verité seule l’éclaire, & le

92 2265 1395 86 merite lui sert de regle dans ses jugemens. C’est ce qu’¬

95 2343 1386 95 on represente par la figure de Pluton, accompagné des
